3017 4759
282 198 369 284 ooo'
419 191 453 263 Υ
563 189 575 202 ”
587 202 812 274 memnoni
843 195 1072 268 ennuonsn

282 376 380 446 πολλοὶ
404 375 459 442 καί
489 381 555 449 τοϊς
583 376 683 445 θειόις
711 365 870 451 πατράσιν
900 363 1059 428 ἀκώλυτον
1092 357 1167 443 ἔσχε
1196 356 1232 424 τὸ
1265 377 1388 442 συγκε-

283 502 440 566 almilm-

216 605 270 659 η
374 574 478 663 Ἐχοον
508 579 575 643 δ”
560 573 620 658 εγώ
646 599 697 638 και
728 573 968 654 ἓτεραπλεΐοτα
990 573 1185 649 προενεγκεῖν
1215 566 1303 650 σαφῆ
1327 565 1388 627 κατ’

283 684 524 768 ἀναμφιλέκτως
540 677 704 741 δεικνύντα
719 675 759 759 τῇ
773 672 865 758 ον’σέρι
884 665 1001 734 ταύτόν
1018 662 1097 764 εἶγαι
1117 664 1174 748 τὴν
1187 666 1278 727 θεέαν
1292 665 1387 745 ἐνέρ-

281 809 370 870 γειαν
398 783 452 844 καί
481 772 557 861 ὅλην
595 779 755 859 ἐνέργειαν
788 795 839 834 και
875 748 1128 850 αῠτοενέργέιαν,
1159 789 1296 848 παρινγμι
1326 760 1416 826 ‹lauf›

260 888 413 968 πλῆθος,
439 883 548 965 α’ρκεῖν
568 876 740 1000 ἧγρομενος
762 875 864 936 ταῦτα
892 871 930 956 τῇ
954 863 1100 954 παρούσῃ
1131 867 1248 952 σχεδέιρ
1266 864 1385 951 σχολῇ·

283 984 500 1068 εἶρήσεταιδ’
526 973 584 1044 οον
611 977 688 1053 ἰοως
722 977 780 1040 κιέν
800 982 874 1049 ,τοῖς
905 969 1022 1056 ἑξῆς,
1036 966 1200 1052 προϊόντος
1231 969 1288 1032 τοῦ
1309 971 1386 1052 περὶ

281 1091 336 1171 τῆς
358 1085 675 1174 τοιαύτηςένεργειάς
698 1078 804 1160 λόγον.
848 1098 905 1139 νον
922 1076 957 1137 δὲ
978 1072 1150 1137 δεικτέον’
1135 1073 1204 1134 εστὶ
1223 1072 1277 1132 καί
1297 1061 1384 1188 insu:

280 1186 360 1269 μετὰ
393 1186 646 1267 προσδιορισμοῦ
672 1184 771 1304 φαρίν
803 1176 833 1244 οἱ
862 1183 946 1241 θεῖοι
974 1179 1108 1257 πατέρες
1136 1173 1190 1236 καιΙ
1223 1168 1276 1235 τόν
1309 1168 1382 1234 οἱόν

283 1312 336 1352 και
359 1284 393 1351 τὸ
422 1310 511 1370 αγιον
532 1286 655 1365 πνεῦμα
686 1283 847 1364 ἐνέργειαν
866 1305 919 1343 και
916 1276 1200 1356 αέτοενέργειαν,
1233 1294 1382 1353 εκατερον
1396 1273 1432 1326 10

283 1385 515 1472 προσηκόντως.
568 1410 621 1449 και
651 1387 725 1467 περὶ
752 1386 813 1463 μὲν
833 1383 891 1445 τοῦ
914 1375 991 1443 utoni
1016 1372 1139 1452 ὅθιΐος
1171 1396 1255 1438 ουτω
1284 1397 1383 1458 φησιν

282 1481 516 1561 ’‘diasostes“
518 1509 576 1549 ουκ
598 1476 835 1606 ΗσῖμρέβολοΝ
817 1505 863 1546 οτι
890 1475 986 1553 αὐτός
1015 1479 1101 1540 ἐστιν
1131 1470 1149 1558 ἦ
1175 1477 1232 1570 τρῦ
1261 1474 1384 1556 πατρὸς

285 1589 373 1666 ζῶσα
393 1585 494 1685 βουλὴ
517 1611 569 1651 και
592 1585 740 1706 ένρύοιος
755 1587 896 1706 ἐνέργεια
918 1605 970 1645 και
967 1578 1082 1702 λργος
1104 1571 1280 1659 αἰὶνγέὶινὸςῖΙ
1310 1594 1383 1653 περι

218 1689 321 1765 ηδε
342 1689 398 1752 τοῦ
419 1682 636 1768 πνεύματοςὸ
661 1683 760 1774 αέτος
781 1680 863 1747 ου’ται
892 1678 989 1768 ριγσέν
1007 1673 1097 1752 “iric
1121 1699 1210 1750 οντος
1232 1677 1290 1740 τοῦ
1311 1668 1384 1736 οἱοῦ

282 1809 337 1852 τον
325 1788 467 1865 ’ζῶντος
489 1785 593 1870 λόγον
605 1791 683 1866 μίαν
697 1777 776 1848 εἶναι
791 1785 845 1846 δεῖ
853 1784 974 1847 τελειάν
987 1804 1037 1843 και
1034 1770 1155 1861 πλήρη
1167 1773 1223 1858 τὴν
1236 1775 1384 1857 ἅγιαστι.
1366 1781 1431 1832 .15

283 1884 341 1969 uir
362 1910 413 1949 και
435 1883 628 1969 φατιστικὴν
647 1883 740 1968 ζαέν,
759 1874 862 1947 οὖσαν
876 1886 1033 1965 ἐνέργειαν
1056 1881 1230 1942 αὐτοῦκαὶ
1251 1872 1383 1958 δωρεάν,
1434 1902 1443 1914 ·

220 2019 223 2022 ’
284 2009 354 2070 ητις
371 2009 405 2048 εκ
426 1981 547 2067 πατρὸς
568 1987 692 2066 λέγεται
715 1980 976 2068 ἕκπορεύεοθαιῗ
1031 1975 1282 2064 ltuentogt*
1267 1977 1384 2056 οιιοέονς

285 2085 340 2151 καὶ
359 2087 456 2162 αὐτός
484 2083 562 2152 “καί
589 2085 606 2150 ὅ
640 2082 710 2160 οἶός
742 2087 828 2150 έστι”
849 2087 947 2170 φησιν
968 2078 1010 2167 “ri
1035 2083 1121 2160 ζῶσα
1154 2077 1209 2144 καί
1228 2077 1384 2160 ου’σιιέένγς

283 2189 439 2306 ε’νέργεια
461 2185 517 2252 καί
538 2189 675 2268 διῖναμις
706 2185 761 2250 καί
785 2186 885 2308 οοριά
916 2180 1124 2264 τοῦπατρὸς.
1170 2183 1321 2301 ἐνέργεια
1330 2180 1385 2240 καί

285 2310 340 2351 τον
364 2285 439 2350 οἱοῦ
472 2312 508 2351 το
531 2291 656 2368 πνεῦμα
677 2286 711 2352 τὸ
732 2282 849 2367 αγιον”.
886 2287 1026 2366 ἐνέργεια
1049 2285 1169 2364 λέγεται
1190 2302 1243 2343 και
1266 2277 1284 2362 ἦ
1307 2273 1384 2342 iud·
1365 2280 1430 2334 -20

284 2411 348 2475 στρν
370 2389 433 2451 τῶν
455 2382 553 2453 ὄντων
576 2385 693 2453 ἐνοῦσα
714 2387 834 2505 φυσικὴ
859 2387 1010 2465 δοναμις,
1048 2409 1091 2460 ας
1112 2380 1146 2447 τὸ
1172 2379 1383 2464 θερμαντικὸν

284 2490 327 2574 τῷ
348 2514 426 2571 πνρι
463 2513 516 2552 και
538 2486 573 2553 rol
609 2485 762 2570 ψυκτικον
790 2490 829 2572 τῇ
857 2485 945 2569 χιόνι
979 2488 1034 2548 sui
1065 2481 1099 2547 τό
1131 2477 1375 2566 αἰσθητικὸν
1340 2503 1383 2542 τιο

219 2583 368 2677 fluidos,
389 2591 443 2654 καί
463 2592 505 2676 τῷ
526 2591 705 2674 ε’νεργοῦντι
738 2585 772 2653 τὸ
802 2586 1005 2672 ένεργητικον.
1052 2587 1176 2668 λέγεται
1198 2583 1253 2647 καί
1272 2604 1306 2646 το
1329 2580 1384 2663 τῆς

286 2811 389 2867 sltioris
414 2813 577 2883 cognitionis
596 2813 671 2868 illius
696 2813 800 2866 referre
826 2828 970 2878 conemur,
996 2813 1105 2865 minimo
1130 2811 1222 2864 mirnri
1248 2809 1383 2864 debemus.

287 2885 355 2937 lineo
374 2887 444 2938 enim
463 2884 621 2955 plerumque
640 2888 719 2938 etium
738 2887 837 2939 (livinis
854 2883 1079 2954 patribus'liberu
1098 2884 1148 2936 luit
1166 2883 1285 2936 licentia.

388 2981 453 3036 (lum
473 2983 552 3034 etium
577 2982 631 3034 uliu
650 2982 765 3050 plurimu
785 2998 853 3051 quse
873 2982 1005 3050 proferam
1032 2981 1096 3032 mihi
1115 2981 1273 3048 suppetunt,
1293 2988 1383 3048 opertu

288 3063 315 3105 ετ
334 3069 402 3121 quae
421 3054 458 3105 itu
477 3061 509 3104 ut
527 3055 638 3106 relutnri
657 3069 711 3106 non
731 3057 855 3121 possint,
876 3053 1000 3120 probent,
1021 3069 1079 3104 cum
1098 3052 1216 3104 essentia
1235 3053 1304 3102 idem
1325 3067 1383 3104 osse

287 3125 403 3177 (livinum
424 3124 612 3190 elicientium,
632 3133 659 3176 et
677 3127 830 3178 universum
850 3126 1021 3178 efficientium
1041 3125 1118 3176 etium
1138 3124 1222 3190 ipsius
1244 3124 1302 3174 eius
1323 3123 1383 3174 elli-

288 3196 423 3259 cientium,
444 3204 554 3262 propter
572 3195 767 3247 multitudinem
787 3197 890 3261 omitto,
911 3212 969 3248 cum
984 3192 1050 3246 haec
1069 3195 1195 3247 sulficere
1213 3201 1303 3260 putem
1322 3191 1384 3244 huie'

168 3273 178 3282 “
208 3312 214 3332 l
288 3264 426 3333 colloquio
448 3266 633 3333 extemporali.
672 3267 794 3319 dicentur
813 3269 896 3336 igitur
915 3268 1029 3320 fortusse
1049 3268 1127 3318 etium
1156 3273 1250 3333 postea
1268 3280 1383 3332 progre-

288 3336 379 3387 diente
398 3336 431 3386 de
452 3334 499 3387 tuli
519 3338 665 3390 efficientia
693 3341 825 3396 erutione.
862 3355 933 3391 nunc
961 3346 1047 3390 nutem
1078 3337 1311 3390 demonstrandum
1334 3344 1382 3400 est,

288 3407 420 3473 quomodo
440 3407 541 3458 adscitu
559 3409 715 3460 delinitione
728 3409 812 3462 divini
831 3418 919 3477 patres
940 3418 967 3461 et
985 3409 1066 3460 lilium
1081 3415 1107 3460 et
1125 3409 1247 3475 spiritum
1266 3415 1384 3460 sunctum

286 3485 386 3530 vocent
406 3477 591 3531 elicientium
605 3487 740 3532 eteorum
766 3483 883 3548 ipsorum
905 3481 1089 3543 elicientium,
1116 3488 1257 3547 utrumque
1277 3493 1383 3531 accom-

286 3550 401 3601 modste.
440 3557 521 3617 atque
540 3550 573 3603 de
594 3549 650 3602 lilio
670 3552 776 3619 quidem
795 3551 956 3605 Athanasius
975 3551 1081 3603 divinus
1106 3552 1143 3603 itu
1162 3552 1240 3603 dicit:
1260 3565 1314 3602 non
1333 3551 1384 3602 du.

285 3619 357 3671 bium
377 3627 429 3684 est,
448 3622 512 3689 quin
532 3620 581 3673 ille
599 3624 634 3674 sit
653 3624 734 3689 putris
753 3625 818 3676 viva
835 3623 969 3686 voluutas,
990 3630 1017 3674 ot
1035 3621 1228 3675 nd'essentinm
1248 3624 1383 3690 pertinens

287 3691 452 3756 efficientia,
482 3700 509 3743 et
524 3695 594 3745 rutro
614 3709 688 3745 vers
726 3694 759 3745 tle
785 3695 880 3762 spiritu
902 3702 990 3746 nutem
1014 3693 1084 3746 idem
1102 3696 1139 3746 itu
1159 3694 1299 3762 loquitur.
1326 3709 1382 3746 eum

287 3775 355 3813 unus
374 3763 410 3813 sit
426 3730 498 3814 filius
518 3766 586 3816 ratio
606 3766 685 3830 virs,
703 3781 780 3816 unum
802 3773 909 3833 oportet
921 3766 1066 3832 perlectam
1086 3773 1112 3817 et
1133 3765 1239 3850 plenum
1262 3779 1322 3817 esse
1340 3765 1384 3817 vi-

286 3839 339 3883 tum
371 3831 446 3883 illum
472 3836 636 3888 sunctilicum
669 3844 697 3887 et
713 3834 866 3900 lucentem,
891 3853 950 3888 cum
975 3837 1010 3889 sit
1038 3836 1184 3888 eiicientiu
1204 3838 1260 3888 eius
1282 3835 1383 3898 otios,

289 3917 357 3970 quae
375 3916 391 3952 α
409 3911 486 3969 patro
504 3907 600 3958 dieitur
619 3908 765 3991 prolioisci.
810 3907 927 3974 cyrillus
956 3914 1043 3959 nutem
1063 3907 1144 3959 simili
1163 3909 1240 3959 modo
1262 3916 1288 3958 et
1290 3908 1383 3975 ipse,

288 3981 317 4025 et
336 3971 424 4038 lilius,
446 3975 548 4042 inquit,
570 3986 611 4030 est
638 3980 702 4031 vitu
721 3988 749 4031 et
779 3981 912 4031 essentiae
941 3978 1037 4031 similis
1063 3979 1208 4030 efficientia
1237 3986 1264 4030 et
1289 3978 1329 4029 vis
1359 3983 1385 4026 et

287 4044 422 4112 supientia
436 4047 545 4131 petris,
565 4048 710 4102 efficientis
730 4051 809 4102 etium
830 4049 879 4102 lilii
900 4051 941 4103 est
959 4050 1072 4117 spiritus
1088 4058 1204 4103 sanctus.
1242 4047 1385 4100 ellieientis

289 4116 388 4169 (licitur
407 4117 487 4171 etium
505 4118 558 4187 vis,
577 4136 645 4190 quue
667 4121 765 4191 cuique
783 4119 824 4174 rei
843 4137 858 4176 u
876 4129 971 4196 nutura
989 4122 1080 4188 inest,
1100 4129 1128 4173 ut
1149 4121 1190 4178 vit
1210 4117 1385 4173 calefaciendi
