3017 4759
257 221 478 289 utstoumu
496 224 753 289 nuztumuan
773 226 899 289 xxvu.
922 207 1056 291 tt-t
1069 210 1107 291 6.
1172 222 1241 293 137

138 392 235 468 λομαι
254 382 314 468 γὰρ
330 384 389 469 την
412 388 475 450 τῶν
497 387 640 450 όιωκτῶν
658 386 779 451 ailivae
802 383 924 451 τούτων
948 381 1100 451 όπόνοιαν
1122 385 1243 464 πάντας

140 488 328 574 ἁπανταχῇ,
352 483 587 567 διαβαλλόντων
609 482 692 569 ἡμᾶς
726 492 894 575 πανταχῇ,
928 492 983 553 καί
1012 482 1079 569 όμιι
1110 490 1169 573 τη“ν
1189 494 1244 575 τῆς

140 588 297 670 ἡμετέρας
321 584 489 672 ὁμολογίαν
513 588 676 669 εὐσεβείας
699 590 753 652 καί
772 590 917 664 πίστεως.
960 586 982 675 ἢ
1009 588 1064 654 καί
1085 590 1167 675 αὕτη
1188 614 1244 673 μοι

137 698 203 766 τοῖς
224 691 382 771 παροῦσιν
412 688 589 753 όντίταιιται
618 685 743 771 λόγοις,
777 689 853 754 uasat
876 694 958 769 λέξιν
980 688 1099 774 ἔχουσα
1120 691 1244 759 οὖτωσί.

112 797 131 850 5
224 785 377 856 Πισιεόω
399 790 444 865 εἰς
458 791 514 855 ἕνα
535 787 611 854 θεόν
628 796 750 873 πατέρα
770 792 1017 875 παντοκράτορα,
1037 792 1167 919 ποιητὴν
1188 794 1313 863 ου’-11

140 891 241 975 ρανοῦ
262 888 318 955 καί
335 894 403 973 γῆς,
427 888 549 973 όρατοῖν
571 914 606 954 τε
627 891 751 957 πόντων
770 918 822 957 οισι
846 890 1007 977 αορότων·
1051 898 1105 960 καί
1123 898 1169 971 εἰς
1189 896 1243 961 ἕνα

142 991 250 1073 κόριον
269 994 391 1075 Ἰησοιν
403 988 593 1074 Χριστόν
560 1015 615 1058 τον
631 991 702 1058 νέόν
723 996 781 1057 τοῦ
801 997 880 1059 θεοῦ
900 992 952 1059 τὸν
963 998 1122 1079 μονογενῆ,
1144 995 1198 1061 τόν
1212 998 1245 1060 ίκ

141 1095 199 1159 τοῦ
218 1090 537 1178 πατρόςγεννηθέντα
554 1118 613 1176 προ
627 1091 753 1159 πόντων
765 1120 827 1159 των
842 1091 977 1177 atelano,
1001 1080 1078 1182 φοῖς
1083 1099 1118 1161 ιἰι
1130 1091 1245 1181 φωτός,

141 1194 216 1257 θεὸν
237 1194 427 1276 α’ληθινὸν’
411 1218 446 1259 εν
469 1196 550 1256 θεοῦ
572 1196 742 1277 α’ληθινοιί,
768 1200 968 1280 γεννηθέντα,
993 1197 1030 1261 οὗ
1055 1202 1242 1282 ποιηθέντα,

96 1293 312 1377 λθόμοοόσιον
334 1299 377 1383 τῷ
399 1298 518 1377 πατρί,
542 1299 585 1360 δι’
605 1286 645 1358 οὗ
666 1295 704 1360 τό
727 1293 832 1361 πόντα
857 1298 993 1380 ἐγένετο,
1015 1296 1071 1363 τόν
1101 1300 1141 1363 δι’
1160 1299 1247 1380 ’ἡμᾶς

141 1394 218 1470 τοός
237 1393 427 1474 α’νθροόπσσς
447 1395 506 1459 καί
524 1395 578 1459 διό
599 1394 656 1479 την
679 1392 836 1479 ἡμετέραν
867 1402 1027 1482 σωτηρίαν
1055 1397 1245 1464 κατελθόντα

142 1500 176 1562 έιι
197 1498 259 1561 τοῖν
288 1498 455 1577 ου’ρανιόν,
484 1501 540 1559 καί
570 1500 777 1578 σαρκωθέντα
799 1500 833 1561 εἰι
867 1496 1044 1578 πνεύματος
1072 1498 1163 1579 ἁγίου
1194 1498 1250 1563 καί

143 1600 280 1679 Μαρίας
301 1602 356 1679 τῆς
370 1602 544 1681 παρθένου,
567 1596 623 1660 κατ’
641 1595 943 1683 ἐνανθροιπὴσαντα,
963 1603 1189 1683 σταυρωθέντα
1211 1625 1245 1666 τε

142 1697 223 1780 ὑπὲρ
246 1693 336 1781 ἦμῶν
365 1701 420 1763 ε’πί
440 1699 578 1764 Ποντίου
602 1689 756 1763 Πιλάτουι
774 1700 827 1763 καί
849 1700 992 1764 παθόντα
1022 1699 1077 1763 καί
1106 1703 1246 1785 ταφέντα

97 1798 198 1867 15ιιαέ
216 1796 397 1863 α’ναστόντα
416 1802 456 1887 τῇ
471 1803 561 1887 τρίτη
592 1794 695 1886 ἡμέρᾳ
720 1799 801 1863 κατὰ
831 1798 888 1875 τός
906 1798 1051 1887 γραφάς,
1076 1800 1130 1864 καί
1152 1802 1247 1865 α’νελ-

142 1898 242 1964 θόντα
265 1901 310 1975 εἷς
330 1898 404 1975 τούς
429 1899 585 1983 οὐρανοός
616 1900 670 1965 καί
692 1897 902 1983 καθεζόμενον
930 1905 964 1965 ἐν
986 1905 1074 1992 δεξιᾷ
1102 1906 1161 1970 τοῦ
1183 1928 1248 1967 πα-

142 1998 227 2083 τρός,
251 2000 306 2065 καί
325 2002 419 2066 πόλιν
438 1998 612 2086 ἐρχόμενον
630 1999 711 2084 μετό
736 2002 828 2088 δόξης
850 2011 955 2087 κρίναι
981 2007 1097 2082 ζῶντας
1119 2009 1174 2070 καί
1195 2028 1248 2071 νε-

143 2103 250 2183 ιιροός,
276 2095 316 2166 οἶν
336 2108 390 2186 τῆς
410 2109 574 2186 βασιλείας
598 2103 656 2167 osia
677 2100 766 2170 ἔσται
788 2108 896 2179 τέλος·
920 2105 975 2169 καί
995 2108 1040 2181 εἰς
1061 2106 1094 2170 τὸ
1121 2109 1246 2185 πνεῦμα

141 2202 179 2269 τό
203 2198 307 2288 όγιον,
342 2204 378 2268 τό
403 2202 537 2285 κόριον,
560 2205 595 2269 τό
620 2204 796 2284 ζωοποιόν,
819 2204 853 2270 τό
876 2208 911 2269 έιι
930 2210 987 2270 τοῦ
1010 2204 1131 2288 πατρός
1154 2208 1248 2271 έιιπο-

97 2306 331 2389 λθρεοόμενον,
366 2304 401 2369 τὸ
431 2304 492 2371 σόν
525 2309 624 2387 πατρί
649 2308 706 2368 καί
737 2303 798 2393 uiui
830 2307 1172 2389 σομπροσιιονοόμενον
1193 2310 1249 2372 καί
1311 2376 1315 2385 ,

142 2406 437 2487 σννδοξαζόμενον,
468 2406 501 2472 τό
528 2410 669 2490 λαλῆσαν
690 2407 743 2471 διὰ
764 2411 826 2472 τοῖν
855 2408 1042 2492 προφητῶν·
1100 2407 1144 2482 εἰς
1168 2412 1247 2488 μιάν

141 2505 235 2589 οἷγίον
271 2507 444 2589 καθολικην
479 2511 535 2573 καί
562 2507 775 2591 α’ποστολιιιην
809 2512 984 2591 ἐκκλησίαν.
1041 2504 1181 2590 ὁμολογῶ
1214 2508 1247 2573 ’ἑν

141 2606 307 2691 βάπτισμα
329 2611 374 2683 εἰς
396 2603 514 2693 όηεσιν
545 2605 718 2692 οἷμαρτιοόν.
741 2612 908 2693 προσδοκῶ
931 2608 1106 2675 α’νόστασιν
1129 2612 1247 2693 νεκρῶν

142 2710 198 2775 καί
219 2709 303 2794 ζωην
326 2712 385 2775 τοῦ
404 2713 575 2791 μέλλοντος
597 2710 720 2786 αιόἳνος·
743 2706 836 2794 α’μη’ν.
871 2707 919 2774 ότι
940 2712 1077 2793 δέχομαι
1098 2706 1154 2776 καί
1175 2706 1248 2775 ὅλο-

376 2814 381 2835 ,
782 2796 785 2813 ,

145 3040 264 3095 furorem
293 3047 321 3092 et
348 3038 479 3093 insaniam
508 3054 615 3109 unoquo
644 3039 768 3092 miseram
793 3052 878 3091 msam
903 3036 1085 3090 conditionem
1112 3039 1246 3107 cognitam

146 3126 238 3165 omnes
258 3110 375 3165 habeant
392 3110 468 3176 volo,
489 3113 567 3164 stiam
588 3127 656 3180 qnae
675 3112 711 3163 sit
728 3111 836 3178 pietatis
856 3124 887 3161 ao
906 3110 968 3162 fidei
981 3110 1244 3177 nostraeooniessio,

146 3200 223 3255 quam
243 3182 319 3236 hisco
346 3185 374 3235 in
396 3182 474 3236 libris
501 3185 621 3252 expressi
647 3198 769 3252 quaeque
789 3182 839 3233 han
861 3180 976 3234 formula
1002 3181 1243 3250 comprehenditur.

245 3279 332 3334 Credo
351 3280 378 3331 in
397 3295 477 3332 unum
496 3280 590 3343 deum,
615 3286 716 3346 patrem
736 3279 961 3347 omnipotentem,
979 3278 1107 3331 factorem
1127 3280 1198 3333 coeli
1219 3287 1247 3333 ot

145 3361 244 3417 tems,
263 3350 411 3404 visibilium
432 3358 459 3403 et
477 3350 653 3403 invisibilium
673 3358 700 3402 et
717 3350 745 3402 in
764 3365 845 3401 unum
864 3349 996 3402 dominum
1008 3351 1093 3403 lesum
1103 3350 1244 3418 Christum,
1342 3378 1350 3397 s
1412 3410 1416 3417 ⁸

145 3424 233 3477 tilium
252 3423 296 3475 dei
311 3423 477 3492 unigenitum
493 3430 520 3474 ot
539 3438 572 3475 ex
586 3429 663 3489 patro
679 3430 768 3474 natum
789 3430 851 3473 anto
871 3423 958 3474 omnia
977 3423 1096 3488 saecula,
1116 3423 1193 3475 deum
1213 3424 1245 3475 do

145 3495 207 3558 deo,
225 3493 316 3545 lumen
333 3493 489 3558 delumine,
508 3494 586 3546 deum
600 3510 694 3563 uerum
707 3494 740 3546 (lo
756 3494 807 3546 deo
828 3507 904 3560 vero,
924 3495 1043 3560 genitum
1061 3508 1115 3546 non
1136 3494 1244 3559 iactum,

147 3564 400 3619 consubstantialem
428 3567 501 3642 patri
529 3581 578 3632 per
598 3582 676 3634 quem
695 3566 784 3618 omnia
804 3564 873 3617 iacta
893 3573 976 3631 sunt,
1003 3567 1048 3634 qui
1066 3573 1177 3649 propter
1195 3579 1245 3617 uos

145 3636 267 3689 homines
292 3646 319 3689 et
338 3645 449 3706 propter
471 3632 588 3689 nostram
614 3637 728 3690 salutem
747 3636 884 3689 descendit
903 3637 936 3688 do
955 3637 1049 3699 coelis,
1071 3643 1098 3687 ot
1115 3636 1244 3688 incarna-

145 3715 188 3761 tus
208 3713 248 3759 est
266 3709 298 3760 (lo
316 3709 412 3776 spiritu
431 3717 524 3761 sancto
544 3710 669 3763 exilaria
688 3710 804 3779 virgine.
843 3714 871 3759 ot
889 3708 968 3759 homo
989 3708 1073 3759 lactus
1093 3716 1142 3760 est.
1181 3724 1245 3759 cru.

146 3778 242 3833 oilixus
262 3781 340 3832 otiam
362 3794 410 3847 pro
431 3780 510 3833 nobis
532 3781 581 3834 sub
601 3781 696 3834 Pontio
719 3780 815 3844 Pilato,
835 3794 929 3845 passus
949 3788 976 3831 ot
994 3778 1116 3846 sepultus
1138 3787 1187 3831 est.
1219 3786 1246 3833 et

144 3853 293 3904 resurrexit
312 3855 393 3904 tertio
414 3851 456 3903 dio
475 3854 621 3905 secundum
639 3854 793 3919 scripturas.
832 3860 859 3903 et
878 3850 1024 3904 ascendit
1017 3867 1044 3901 ιιι
1063 3850 1179 3917 coelum,
1199 3868 1245 3905 se·
1248 3881 1253 3888 ·

144 3924 190 3977 det
207 3922 240 3973 ad
258 3924 377 3975 dextram
396 3925 479 3990 putris
499 3926 639 3976 etiterum
659 3933 788 3977 venturus
814 3930 854 3975 est
872 3938 931 3974 oum
939 3922 1039 4006 'gloria
1061 3924 1180 3975 iudicare
1200 3925 1245 3977 vi.

144 4008 194 4047 vos
224 4000 251 4045 st
275 4002 411 4057 mortuos,
439 3996 515 4045 cuius
540 3998 633 4064 regni
638 4011 690 4048 uon
711 3998 762 4047 erit
781 3994 851 4047 linis.
891 4002 917 4046 et
937 3994 965 4046 in
985 3997 1106 4065 spiritum
1126 4000 1245 4047 sanctum

142 4066 278 4119 dominum
298 4072 325 4116 et
344 4064 589 4133 vivificantemqui
609 4082 641 4117 ex
660 4076 735 4135 patro
754 4066 885 4135 procedit,
905 4068 950 4135 qui
970 4083 1028 4120 cum
1047 4074 1122 4134 patre
1143 4074 1169 4117 et
1187 4065 1243 4116 lilio

142 4138 223 4196 sinui
250 4136 376 4193 adoratur
406 4142 433 4189 et
456 4136 684 4206 conglorificatur,
704 4139 750 4209 qui
769 4138 877 4193 looutus
897 4145 939 4191 est
957 4153 1005 4209 ρει
1024 4138 1179 4210 prophetas
1217 4142 1244 4191 ot
