3017 4759
280 148 352 229 aot
482 99 516 185 ‘V
576 156 801 224 menonem
832 118 1061 221 oanooatn

277 301 333 391 καί
352 325 414 389 τάν
434 323 584 387 ἐναντίων
605 312 703 395 αὖθις
721 319 906 404 άπερτέροις
933 320 1080 400 γίνεσθαι
1101 318 1285 380 καθίστατο.
1329 310 1386 380 καί

278 427 330 492 ἵνα
351 424 426 500 τοός
446 422 543 485 πάλαι
566 419 798 502 καταλίπωμεν,
822 415 883 502 όρα
906 437 962 498 μοι
977 414 1221 481 Κωίσταντῖνον
1245 413 1301 481 τόν
1322 420 1384 497 μέ-

277 549 337 610 γαν
366 528 400 590 ἐν
432 524 638 606 βασιλεῦσιν,
675 513 700 609 ᾧ
730 520 765 585 τό
802 524 865 584 ταῖν
886 518 1106 601 ψευδωνύμων
1140 519 1238 597 σέβας
1260 516 1306 590 εἰς
1328 517 1383 582 τόν

278 627 386 711 άληθῆ
405 624 622 706 μετενεγκόντι
643 619 720 686 θεόν
741 626 882 696 πλείονος
917 615 938 705 ἢ
971 616 1050 683 κατά
1080 616 1200 692 πάντας
1221 615 1295 692 νοός
1321 616 1382 699 πρὸ

279 728 381 791 αότοῦ
405 726 557 809 βασιλέας
592 714 687 805 άρξαι
708 727 812 807 γέγονε
841 727 906 806 γῆς’.
960 721 1040 785 α’λλά
1075 728 1138 793 τοῖς
1168 727 1237 799 μετ’
1266 720 1410 783 ἐκεῖνον5

278 827 380 904 εόθός
402 820 521 909 άρξασί
536 851 570 891 τε
592 828 648 890 καί
662 827 852 907 ἀρξαμένοις
869 819 1086 906 τάςαῖρέσεις
1102 818 1179 884 κατά
1201 823 1264 885 τεόν
1286 823 1383 885 θείων

278 926 443 1012 δογμάτων
464 925 605 1010 εἰσάγειν
628 931 684 1010 τῆς
700 932 844 1007 πίστεως,
869 927 923 988 καί
942 920 1017 987 θεὸν
1039 926 1197 1007 ἐπιορκεῖν
1217 916 1253 985 όν
1273 913 1383 1002 άκροις

278 1025 417 1115 ἔφασκον
440 1032 545 1109 σέβειν
559 1036 622 1103 τοῖς
632 1028 782 1108 χειλεσιν,
803 1022 904 1099 εόθός
927 1027 981 1087 καί
1000 1021 1036 1087 τό
1055 1027 1109 1107 τῆς
1131 1022 1234 1105 α’ρχῆς
1261 1022 1381 1103 ἐκείνης

278 1129 341 1193 sind
374 1131 438 1193 τάν
466 1131 594 1214 ἐχθρῶν
620 1131 722 1212 η’ρέμσι
745 1132 801 1192 καί
828 1125 907 1191 κατά
936 1124 1048 1211 μικρὸν
1071 1126 1266 1209 ζημιοῦσθαι
1288 1123 1383 1185 συνέ-

277 1236 369 1312 βαινε
391 1234 536 1313 μέγεθος.
810 1310 813 1323 1
1394 1248 1430 1303 10

213 1334 268 1389 80
373 1330 461 1397 Ἀλλ’
492 1326 509 1391 ό
540 1328 661 1422 μακρός
690 1332 849 1410 ἐπιλείψει
878 1352 918 1409 με
949 1325 1062 1413 χρόνος
1095 1328 1239 1401 παλαιάν
1271 1348 1306 1390 τε
1329 1322 1385 1389 καί

278 1436 358 1497 νέων
376 1430 614 1513 ὑποδειγμάτων
633 1434 817 1513 μεμνῆσθαι
839 1429 919 1511 πρός
939 1430 995 1512 τη“ν
1022 1428 1084 1494 τῶν
1106 1430 1279 1513 εἰρημένων
1301 1422 1384 1511 άλη-

279 1538 373 1598 θειαν
387 1536 535 1597 -θέλοντα,
578 1537 672 1598 τοῦτο
693 1535 775 1596 όότῖ
790 1533 873 1596 πάνυ
892 1559 922 1597 τι
944 1539 1123 1613 συγχωρεῖν
1143 1528 1199 1613 την
1219 1531 1275 1611 τῆς
1295 1524 1383 1592 ἱστο-

280 1657 353 1717 ριας
383 1630 550 1717 ἁπλότητα.
606 1632 656 1696 διό
696 1642 762 1708 τοῖς
798 1629 946 1719 ῥηθεῖσιν
974 1634 1071 1695 ἐκεῖνο
1096 1628 1194 1710 μόνον
1228 1632 1383 1709 προσθείς

280 1727 513 1814 άπαλλάξομαι.
557 1740 675 1815 μαθεῖν
695 1723 761 1817 γάρ
772 1731 932 1816 ἐζητὴκεις
953 1730 1008 1795 καί
1028 1724 1112 1805 ὅπως
1131 1734 1194 1796 τῶν
1215 1729 1382 1813 προσεχῶς
1394 1754 1428 1807 15

279 1836 335 1914 τῆς
358 1831 475 1906 κακίας
491 1834 599 1899 αἰτίων
618 1832 780 1917 ἀρχόντων
804 1828 917 1916 ἥκιστα
945 1829 1132 1914 πασχόντων
1153 1831 1264 1913 ἐνίοτε,
1286 1829 1383 1909 μόνον

280 1930 492 2015 πολυτρόποις
522 1936 702 1999 δαπανᾶται
738 1931 855 1999 πάθεσι
871 1931 921 2001 ,τό
945 1932 1096 2017 ὑπήκοον,
1118 1930 1238 2016 μικράν
1261 1929 1338 2005 ἴσοις
1363 1921 1383 2014 ἢ

279 2032 438 2119 μηδεμίαν
465 2029 578 2117 ἑτέραν
609 2038 924 2117 συνεισενεγκάμενυν
956 2034 992 2099 τό
1028 2033 1180 2117 παράπαν
1210 2029 1293 2113 πλὴν
1324 2034 1382 2094 τοῦ
1458 2101 1461 2112 Ι

278 2137 457 2201 συνειδέναι
478 2141 533 2224 aui
553 2145 817 2217 συμπαρανομεῖν
848 2136 902 2200 διά
928 2134 1040 2221 φόβον.
1096 2135 1245 2218 φαίνεται
1276 2136 1382 2196 τοίνυν

279 2231 323 2313 οἷς
344 2261 379 2318 γε
401 2238 464 2302 τοῖν
485 2234 584 2302 πάλαι
605 2242 724 2320 βίβλων
746 2234 781 2301 αἱ
802 2242 928 2313 πλειόυς
956 2235 996 2299 ori
1016 2232 1135 2318 μικράς
1155 2235 1296 2300 συνιέναι
1319 2255 1429 2310 aot-20

279 2341 395 2422 ρέσχον
423 2337 480 2413 τάς
502 2331 672 2423 άφορμάς,
706 2339 762 2402 καί
789 2333 856 2421 άμα
886 2340 904 2423 ἦ
925 2338 1054 2423 χρόνιος
1087 2336 1175 2418 ἡμῶν
1200 2328 1285 2407 ὅπως
1305 2336 1382 2397 ποτὲ

277 2441 423 2501 πέπεικεν
450 2440 616 2523 ἐμπειρία,
647 2441 691 2514 οές
721 2431 767 2514 οἷς
796 2443 858 2504 τῶν
887 2437 1044 2525 ἡγεμόνων
1073 2435 1153 2521 μήτε
1186 2440 1250 2501 πᾶν
1269 2432 1303 2499 τό
1326 2437 1383 2518 τῆς

279 2540 384 2615 αἰτίας
406 2530 553 2629 ἄντικρυς
577 2541 699 2605 α’νεῖται
720 2542 753 2615 ἐς
775 2544 888 2605 κακίαν
912 2538 1088 2623 ἐνδόσιμον,
1107 2547 1177 2613 ταῖς
1197 2561 1232 2605 τε
1254 2559 1383 2622 συμφο-

277 2849 328 2903 bus
349 2857 433 2903 erant.
476 2859 557 2919 atque
586 2859 615 2903 ut
632 2859 738 2905 *vetera
770 2852 919 2903 omittamus
944 2850 1145 2905 Constantinum
1163 2850 1286 2921 Magnum
1312 2853 1382 2905 inter

278 2923 454 2989 imperatores
475 2924 649 2988 consideres,
668 2938 785 2992 quaeso,
806 2925 864 2988 cui,
885 2939 963 2991 quum
983 2924 1082 2976 cultum
1100 2924 1226 2987 deorum,
1248 2938 1301 2991 quo
1319 2926 1381 2993 qui.

278 2994 337 3045 dem
355 2996 464 3046 nomine
483 3010 623 3063 perperam
652 2995 888 3061 nuncupabantur,
917 2995 948 3045 ad
969 3000 1072 3046 verum·
1089 2995 1166 3047 deum
1188 2994 1377 3059 transtulisset,

173 3083 177 3089 ·
278 3066 401 3135 contigit,
420 3073 451 3117 nt
470 3067 614 3133 ampliores
635 3068 740 3133 imperii
760 3068 826 3119 lines
846 3080 922 3133 quam
941 3082 1032 3118 omnes
1052 3075 1113 3118 ante
1133 3082 1191 3117 eum
1205 3067 1379 3133 imperatores

276 3134 328 3190 sibi
346 3138 504 3188 vindicaret.
542 3138 744 3205 imperatoribus
764 3146 850 3190 autem
865 3145 924 3204 post
946 3154 1014 3201 eum,
1034 3139 1079 3206 qui
1103 3138 1298 3189 haereticorum
1317 3139 1379 3205 opi.

277 3207 374 3258 aiones
393 3208 421 3257 in
440 3207 531 3261 divina
549 3209 610 3259 lidei
630 3210 752 3276 dogmata
778 3209 906 3261 inducere
934 3211 1085 3277 deumque,
1106 3226 1184 3277 quem
1203 3225 1233 3261 se
1253 3210 1379 3261 extremis

278 3276 361 3328 labris
381 3276 473 3328 colere
493 3278 625 3343 dicebant,
646 3282 771 3346 peierare
790 3281 965 3347 incipiebant,
986 3282 1073 3331 statim
1086 3281 1239 3349 magnitudo
1259 3280 1307 3332 illa
1326 3281 1379 3331 im-
1405 3340 1411 3350 ⁸

276 3349 347 3415 perii
365 3348 398 3399 ab
418 3347 539 3400 hostibus
558 3351 657 3401 sensim
676 3351 868 3420 paullatimque
888 3352 1091 3403 diminuebatur.

378 3443 431 3496 sea
449 3444 559 3513 longum
577 3452 681 3513 tempus
699 3463 743 3498 me
761 3449 899 3513 deiiceret,
918 3450 941 3501 si
960 3456 1052 3501 uetera
1072 3456 1099 3500 et
1117 3449 1237 3500 recentia
1257 3446 1379 3515 exempla

278 3516 311 3569 ad
330 3513 471 3568 innurem
489 3518 619 3569 dictorum
648 3519 852 3572 continuandam
875 3520 998 3586 prolerre
1017 3519 1133 3584 vellera,
1162 3521 1189 3573 id
1207 3519 1277 3589 quod
1297 3521 1377 3571 etiam

279 3585 358 3655 plane
376 3587 410 3641 ab
432 3587 560 3650 historiae
581 3588 753 3656 simplicitate
773 3590 891 3642 alienum
917 3599 997 3644 esset.
1045 3606 1129 3658 quare
1148 3590 1200 3642 hoc
1219 3598 1318 3643 tantum
1337 3591 1380 3642 di.

277 3661 328 3711 ctis
345 3660 438 3711 addam
457 3660 617 3729 dicendique
644 3661 722 3711 finem
753 3661 856 3713 faciam.
901 3676 1067 3731 cognoscere
1092 3663 1161 3713 enim
1180 3662 1286 3726 studes,
1309 3677 1379 3730 quo-

276 3729 355 3781 modo
375 3731 429 3794 liat,
449 3739 489 3795 ut,
507 3748 587 3800 quum
599 3732 785 3799 imperatores,
809 3735 1068 3801 quamviscontinue
1087 3733 1264 3800 improbitatis
1284 3742 1379 3785 aucto.

277 3815 322 3851 res
341 3802 404 3864 sint,
422 3803 531 3854 minima
549 3810 638 3855 tamen
656 3803 726 3855 mala
744 3806 876 3856 interdum
895 3806 1044 3872 patiantur,
1070 3805 1185 3856 subiecti
1203 3805 1237 3855 iis
1257 3804 1379 3855 homiues

277 3869 471 3937 multiplicibus
487 3874 681 3927 calamitatibus
700 3876 898 3939 conflictentur,
916 3876 982 3928 lieet
999 3891 1108 3944 parvam
1123 3876 1237 3927 fortasse
1251 3882 1297 3927 aut
1314 3873 1380 3925 nul.

278 3941 332 3993 lam
350 3941 430 3993 aliam
449 3944 555 4012 culpam
582 3945 736 4011 attulerint,
754 3949 808 4000 nisi
833 3949 904 4016 quod
923 3949 1026 4000 conscii
1052 3955 1128 3998 erant
1155 3954 1182 3998 et
1198 3954 1270 3997 metu
1292 3946 1380 3997 coacti
1448 4009 1450 4018 γ

279 4012 348 4066 socii
366 4013 551 4080 improbitatis.
601 4018 731 4084 utigitur
755 4019 832 4071 multi
858 4026 980 4071 veterum
1010 4018 1139 4071 librorum
1158 4019 1309 4070 adiumenta
1326 4030 1381 4067 non

280 4084 378 4153 exigua
406 4085 439 4138 ad
464 4088 522 4149 eins
548 4089 588 4139 rei
609 4091 798 4157 cognitionem
823 4089 901 4143 nobis
920 4091 1067 4145 attuleruut
1093 4098 1119 4142 et
1144 4090 1267 4145 diuturna
1289 4095 1382 4142 nostra

265 4319 284 4373 Ι.
