3017 4759
170 335 393 404 ursaceus
408 332 821 438 amabuntur-xxiv.
841 313 1030 410 47-50.
1094 320 1169 401 405

19 543 26 558 .
72 498 109 564 τό
132 493 240 582 ποιόν,
267 503 299 578 ἐξ
322 491 359 564 06
386 495 626 586 ἑμφαίνεταιὴ
662 497 842 573 ἀλλοίωσις.
885 498 995 581 εἰμὲν
1014 489 1070 562 σόν
1091 498 1236 570 eosdm

19 648 34 683 η.
72 599 108 664 τό
130 599 223 666 ποιόν
241 599 485 686 μεταβέβληται,
507 601 664 686 κεκίνηται
676 602 735 685 μὲν
758 597 839 685 πρός
873 598 1061 676 ἀλλοίωσιν,
1090 597 1111 683 ἦ
1137 598 1172 664 66

75 703 143 764 ἐστι
171 701 475 788 μετασχηματισμός
501 702 705 790 χαρακτῆρός
728 725 812 778 τινος
840 699 964 786 ἢκατά
984 727 1016 765 τι
1036 698 1174 766 τολντοῦ

19 857 24 892 5
73 797 281 886 ὑποκειμένου
312 804 496 889 πράγματος
525 805 701 889 ἑξαλλαμή,
727 805 897 888 χ’ωριστῶς
928 802 950 886 ἢ
984 802 1173 888 ἀχωριστως

27 917 61 971 ,δ
74 889 380 987 ἒτιισομβαιίὀοσα.Ι
414 902 496 989 ἀπερ
515 895 648 968 ’ἀλλοῖον
669 905 727 987 μὲν
757 904 813 968 καί
836 903 992 990 διάφορον
1012 906 1069 968 τοῦ
1090 900 1171 988 πρό-

19 1065 23 1088 Ὶ,
71 1002 166 1089 τέρου
192 1001 360 1082 δείκνυσιν,
384 1003 421 1067 06
442 1002 504 1088 μὴν
522 1004 557 1070 δι’
571 1027 606 1091 με
631 1001 707 1069 ἀλλο
723 1031 754 1070 τι
774 1002 809 1069 τό
827 1003 1049 1087 ἀλλοιούμενον
1072 1001 1172 1088 ἅπερ,-

20 1164 33 1187 ,,
72 1103 221 1188 γάζεται·
265 1103 302 1170 οδ
325 1103 387 1191 μάρ
412 1103 575 1182 οόσιωδῶς
594 1106 787 1190 μετέβαλεν,
819 1103 888 1170 ἀλλ’
920 1107 954 1170 ἐκ
974 1107 1099 1170 τοιοῦδε
1118 1100 1173 1168 τόν

71 1204 169 1270 αάτόν
197 1206 318 1272 τοιόνδε
344 1204 425 1269 κατὰ
449 1203 484 1270 τό
517 1205 608 1272 ποιόν
638 1206 791 1293 γενέσθαι
816 1206 978 1292 πεποίηκε.
1030 1207 1120 1272 τοῦτο
1143 1205 1172 1267 δ’

25 1373 31 1382 ‚
72 1299 129 1370 οὐκ
152 1305 236 1371 ἔστιν
256 1310 288 1384 ἐξ
322 1304 404 1372 titus
426 1305 500 1374 ὅλον
525 1311 807 1393 μεταβεβλῆσθαι·
857 1306 892 1374 τό
916 1306 978 1393 μάρ
1001 1304 1172 1387 ἀποκαμε-

39 1413 125 1470 ονον
146 1402 297 1489 ἀπομένει
319 1407 444 1484 πάντως
466 1406 657 1490 σωζόμενον.
713 1406 741 1472 εἰ
764 1409 799 1473 δὲ
819 1405 901 1481 κατὰ
922 1404 957 1471 τό
980 1406 1089 1484 ποσόν,
1112 1399 1171 1470 ai-

20 1577 32 1588 „
68 1506 161 1592 ξησίν
184 1531 255 1571 τινα
272 1502 293 1591 ἢ
313 1508 449 1591 μείωσιν
469 1507 607 1585 ἐδέξατο.
633 1506 701 1571 ἀλλ’
726 1507 800 1572 οὐδὲ
820 1511 920 1572 ταῦτα
940 1503 1017 1572 ἀλλο
1027 1531 1058 1572 τι
1080 1503 1171 1592 παρά

19 1605 29 1692 ¹,
66 1607 104 1674 τό
130 1610 163 1686 ἐξ
189 1606 292 1694 ἀρχῆς
313 1606 461 1695 ἀπάρξαν
493 1614 583 1672 ποιεῖ
587 1657 595 1686 ,
621 1607 688 1670 ἀλλ’
720 1609 753 1672 ἐκ
775 1610 908 1673 τοσοῦδε
926 1605 980 1672 τόν
1002 1605 1098 1671 αότόν
1117 1629 1171 1671 το-

26 1695 37 1784 ’,
67 1711 163 1774 σόνδε
196 1705 278 1773 κατὰ
311 1707 345 1774 τό
379 1709 511 1794 πηλίκον
545 1709 712 1794 γενέσθαι
722 1705 901 1793 πεποιᾝηκεν
953 1707 1065 1773 οόκοῦν
1098 1706 1238 1787 066650

66 1806 151 1872 κατὰ
172 1811 285 1872 sosiaco
306 1808 361 1873 τόν
380 1808 498 1896 τρόπον
521 1810 553 1888 ἔξ
578 1806 660 1875 όλων
675 1805 734 1894 όλη
753 1811 854 1892 μεταβ
857 1806 1026 1892 όβληται“
1005 1835 1025 1892 η
1046 1807 1169 1933 μρρφή.
1319 1833 1329 1858 ⁸

19 1890 212 2026 ’ζ’δλειπεται
238 1903 296 1974 οάν
326 1911 427 1996 λέγειν
454 1915 531 1984 καθ’
561 1907 659 1996 αδτην
692 1911 971 2034 μεταβεβλῆριλαι,
1011 1909 1086 1996 περί
1113 1907 1170 1994 τὴν
1226 1951 1230 1966 2

29 2008 182 2074 ὀἀσίαν
215 2009 353 2096 δηλαδή,
383 2009 425 2087 uic
453 2011 588 2138 ἀνάγκην
619 2005 702 2075 εἶναι
731 2014 839 2076 πᾶσαν
873 2013 909 2076 ἐκ
941 2010 1095 2096 γενέσεως
1125 2009 1170 2085 εἰς

19 2095 208 2232 ’φιλοράν
232 2135 285 2176 και
321 2115 378 2177 τοῦ
412 2107 499 2190 ὄντος
531 2116 576 2190 εἰς
596 2113 631 2180 τὸ
652 2115 811 2198 μηδαμῶς
839 2105 921 2178 εἶναι
942 2111 1169 2197 κεχωρηκέναι

24 2297 37 2330 r.
19 2205 152 2274 ’ἀλλά
171 2233 228 2320 την
250 2212 435 2297 ιλνητότητα,
454 2209 560 2298 φησίν,
585 2215 765 2280 ἀπεδύσατο
786 2213 842 2281 καί
861 2236 918 2296 την
920 2208 1110 2298 φθοράν’
1090 2233 1168 2275 απε-

68 2318 196 2391 νίψατο.
222 2311 390 2439 πρόσιλες,
414 2315 442 2378 εἰ
462 2313 619 2396 βοόλει,’
602 2341 650 2381 οτι
670 2315 726 2380 καί
748 2315 793 2390 εἷς
814 2313 849 2379 τό
872 2309 1058 2400 ἀόρατον
1024 2337 1060 2378 το
1086 2310 1167 2398 όρα-

40 2409 123 2484 οτόν
144 2411 267 2496 με’τεισι
287 2414 342 2479 και
364 2413 462 2490 εἰς
430 2440 464 2480 το
500 2412 636 2502 ἄχρονον
662 2414 697 2480 τό
722 2412 784 2479 ἀπὸ
805 2415 937 2501 χρόνον,
968 2439 1022 2480 και
1045 2409 1081 2478 τό
1100 2437 1169 2476 κτι-

22 2526 32 2539 ”
70 2511 144 2578 στὸν
166 2511 211 2589 εἷς’
230 2511 265 2578 τό
291 2511 444 2596 ἀκτιστον,
475 2542 529 2581 και
553 2514 614 2582 ὅσα
637 2513 872 2582 ἄλλατοιαῦτα
894 2515 1075 2583 ἀντίκειται.
1098 2515 1167 2579 ἀλλ’

19 2601 35 2644 ”
70 2613 109 2677 o6
128 2637 184 2718 την
199 2616 383 2738 ιλνητότητα
412 2643 459 2737 τις
480 2617 600 2738 μράφει
622 2616 704 2682 0666
723 2642 780 2701 την
797 2613 1051 2741 μεταμόρφωσιν
1071 2610 1169 2701 αάτην

19 2709 165 2778 καθ’
169 2711 283 2800 αότην·
333 2715 370 2780 06
400 2715 463 2803 μάρ
497 2714 571 2782 ἀνευ
595 2713 741 2799 στόματός
771 2718 824 2804 ἐφ’
848 2711 974 2804 ἑαυτήν
985 2739 1061 2781 ποτε
1081 2720 1168 2780 ιλεω-

69 2815 264 2902 ρηθήσεταο,
298 2817 368 2883 ἕποι’
398 2817 482 2902 μηδὲ
523 2814 720 2902 λευκότης
705 2843 725 2900 η
758 2815 977 2902 μελανότης“
958 2817 1167 2900 οποκειμίνοο
1252 2855 1255 2858 ’

19 3101 33 3143 Ἰ
30 3127 114 3206 aut
133 3125 237 3178 induite
254 3125 333 3190 laeta,
353 3139 422 3193 quae
441 3123 557 3177 ostendit
574 3125 677 3177 varium
699 3131 726 3177 et
744 3125 889 3179 diversum.
925 3140 981 3178 uon
1005 3116 1075 3178 enirn
1094 3123 1169 3180 aliud

19 3171 97 3252 ‘ut
115 3198 186 3266 quod
205 3199 331 3262 variatur,
352 3197 451 3266 quippe
470 3210 524 3248 non
546 3197 727 3249 essentialiter
745 3205 917 3264 permutatur,
936 3197 983 3260 sed
995 3197 1086 3249 extali
1098 3198 1168 3250 idem

65 3270 128 3322 talis
148 3269 180 3322 ad
199 3269 352 3338 qualitatem
372 3269 409 3322 fit.
446 3269 713 3321 nonomulsomnino
725 3277 897 3336 permutatur.
936 3268 1084 3321 subiectum
1097 3269 1168 3320 enirn

19 3342 148 3433 ψ,ρλοοα
167 3342 261 3392 mansit
278 3343 422 3409 integrum.
460 3341 501 3392 siu
520 3355 586 3393 vero
608 3340 640 3390 ad
662 3341 845 3407 quantitatem,
867 3341 1016 3392 auctionem
1038 3342 1168 3410 quandam

19 3397 112 3464 lant
129 3413 335 3464 deminutionem
353 3411 482 3482 recepit,
487 3411 533 3463 sed
552 3427 587 3462 ue
613 3411 681 3462 haec
706 3412 812 3480 quidem
837 3410 931 3462 aliud
934 3426 1012 3479 quam
1038 3411 1108 3479 quod
1134 3410 1167 3462 ab

19 3459 143 3572 Ιφὶτιίιὶο
166 3483 257 3534 aderat
278 3481 408 3546 efficiunt,
427 3483 474 3534 sed
494 3499 527 3534 ex
551 3490 625 3534 tanto
646 3483 715 3533 idem
744 3489 844 3534 tantum
864 3483 1008 3534 secundum
1027 3483 1165 3551 quantita-

19 3541 118 3650 ἕλεσι
142 3553 266 3606 eflicitur.
301 3569 356 3608 uon
374 3555 426 3621 igit
477 3555 526 3606 hac
543 3556 649 3608 ratione
661 3555 770 3604 omnino
789 3555 874 3605 omnis
889 3555 973 3606 forma
994 3561 1166 3620 permutatur.

19 3613 148 3722 {restat
166 3626 247 3692 igitur
262 3633 291 3676 ut
304 3569 469 3677 dicamus&
487 3627 681 3694 permutatione
696 3641 745 3692 per
757 3640 787 3676 se
806 3627 825 3677 ἰ.
838 3642 862 3676 e.
885 3624 1068 3677 essentialiter
1087 3623 1167 3686 iacta,

30 3696 117 3765 'qua
137 3711 249 3747 necesse
269 3705 310 3748 est
333 3704 446 3748 exortu
473 3699 501 3749 in
523 3712 646 3749 occasum
672 3705 700 3748 et
721 3712 754 3747 ex
774 3713 836 3750 esse
853 3698 881 3748 in
912 3711 967 3747 nou
987 3711 1048 3746 esse
1067 3694 1165 3747 delabi.

19 3685 34 3796 ”
19 3767 111 3866 „1⁵⁰⁶
132 3767 336 3832 mortalitatem,
354 3768 462 3835 inquit,
492 3767 615 3836 deposuit
635 3777 661 3820 et
688 3771 887 3835 corruptionem
915 3765 1009 3817 abluit.
1046 3765 1123 3830 adde,
1142 3766 1165 3818 si

19 3819 188 3902 “luben
180 3853 208 3889 ru
235 3805 373 3891 invisibile
391 3839 486 3890 mutari
513 3840 622 3891 visibile
647 3847 674 3890 et
697 3841 725 3891 in
755 3837 932 3904 intemporale
960 3836 1119 3904 temporale,
1139 3845 1167 3889 et

19 3891 33 4011 ,τ
63 3916 181 3962 creatum
200 3909 227 3960 in
246 3910 393 3962 increatum
413 3916 441 3959 et
459 3925 527 3977 quae
555 3909 608 3961 alia
631 3909 759 3962 eiusmodi
787 3911 911 3978 opposita
936 3915 1008 3961 suut.
1046 3905 1165 3961 sednon

19 3966 252 4037 'mortalitatem
276 3981 322 4048 qui
339 3981 495 4046 scripserit,
516 3997 567 4032 uec
589 3983 850 4050 transfigurationem
879 3995 993 4048 perse;
1019 3981 1167 4032 nonenim

19 4038 32 4083 ί
63 4054 504 4119 siuecorporeperseunquam
526 4053 657 4119 apparuit.
703 4053 849 4105 nonenim
876 4050 973 4104 albedo
993 4060 1039 4104 aut
1056 4051 1168 4119 nigritia

19 4107 32 4158 λ’
62 4125 122 4175 sino
141 4123 272 4174 substrato
295 4122 462 4174 constabant.
507 4122 590 4176 lorma
623 4131 650 4190 et
675 4124 760 4177 iacies
793 4137 867 4188 non,
888 4130 917 4174 ut
937 4122 1014 4175 bicce
1034 4130 1119 4190 putat,
1138 4123 1167 4174 iu

19 4187 29 4230 λ
63 4195 170 4248 deitatis
189 4201 310 4246 naturum
330 4193 465 4246 immutata
486 4203 535 4248 est.
564 4209 619 4247 non
638 4210 718 4263 posse
737 4188 789 4248 hoc
809 4193 905 4260 lleri,
897 4209 950 4246 ram
968 4202 1047 4246 antea
1067 4195 1167 4246 dietum

19 4259 107 4321 'est
129 4273 156 4318 et
174 4271 288 4319 testatur
307 4267 407 4321 veritas
425 4267 484 4336 ipsa
509 4282 542 4319 ex
561 4274 684 4320 accurata
701 4267 862 4320 tractatione
887 4281 977 4319 rerum
995 4274 1117 4320 naturam
1140 4271 1167 4319 et
1219 4323 1221 4326 ,
1296 4276 1298 4282 ’

162 4362 324 4435 Νἱεηιλοτνι
343 4363 453 4436 ὒττροτ.
482 4363 535 4420 vot.
557 4363 612 4422 111.
938 4364 976 4423 66
