3017 4759
204 279 424 351 nrsuomnn
450 281 878 354 omnunntnxxxnn.
897 245 1085 353 lto-'lu
1143 270 1217 349 σου
1270 343 1276 354 ,
1330 258 1335 269 “

122 446 262 532 ρυηκότα
282 449 337 513 καί
360 447 584 532 ἀποβλόσαντα
606 451 743 534 θολερᾶς
775 449 830 514 καί
851 450 969 533 πικρῶς
988 449 1045 531 τῆς
1064 448 1128 509 τῶν
1148 444 1217 511 τότε

123 546 286 633 ἀρχόντων
306 553 503 635 τυραννίδος,
525 547 564 635 ῆν
584 572 618 615 τε
640 548 719 615 κατὰ
740 548 797 635 τῆς
818 548 986 630 βασιλείας
1007 549 1063 612 καί
1076 542 1124 636 ῆν
1138 545 1218 611 κατὰ

121 652 184 715 τῶν
206 650 305 715 θείων
327 650 492 735 δογμολτων
524 650 711 735 ἐπήνεγκαν,
745 652 891 732 χειμῶνα
921 650 978 713 καί
1007 646 1148 732 διωγμόν
1165 645 1220 711 τόν

122 749 303 835 βαρύτατον
324 752 502 836 ἐγείραντες
517 751 598 816 κατὰ
614 750 730 827 παντός
755 751 895 836 ἄγαθοῶ·
941 752 981 815 δι’
1004 748 1041 813 δν
1061 747 1116 812 καί
1136 746 1219 824 θεός,
1284 768 1290 779 “

90 844 224 934 ὁοῖμαι,
245 850 302 937 τῆν
322 846 439 917 ἑαυτοῦ
456 851 636 918 συνέστειλε
658 850 820 938 πρόνοιαν.
862 850 1034 915 consuere
1055 848 1140 913 ἅπαν
1162 848 1221 931 μὲν

125 952 273 1030 παιδείας
297 954 481 1038 ἐξελήλαται
500 946 583 1030 εἶδος
604 955 659 1020 καί
684 954 914 1038 οἷντέστραπται
942 948 1024 1036 πρδς
1042 948 1222 1015 τούναντίον

125 1052 222 1139 ἆρετῆ
245 1054 301 1119 καί
322 1053 355 1119 εἴ
371 1080 418 1131 τις
439 1052 567 1131 ἔπαινος
588 1056 726 1141 ἀγαθοῦ·
761 1056 817 1118 καί
839 1054 1018 1119 ἐπεπόλασε
1040 1050 1122 1116 κατὰ
1141 1052 1233 1115 mciv·-

123 1162 188 1219 των
210 1153 326 1235 σχεδόν
350 1153 539 1238 Ῥωμαίων,
576 1153 649 1220 eloco
678 1159 734 1240 τῆς
763 1155 836 1231 νέας
869 1155 931 1220 rior*
957 1153 1134 1229 πολιτείας,
1156 1148 1222 1237 ἤδη

124 1252 220 1318 καινὰ
241 1255 297 1320 καί
319 1254 472 1320 ἀλλόκοτα
497 1254 553 1321 καί
573 1254 700 1343 οὐδαμῆ
731 1258 787 1339 τῆς
808 1255 885 1341 πρίν
904 1254 1073 1337 βασιλικῆς
1103 1252 1222 1335 ἐκείνης

73 1370 113 1427 10
124 1355 181 1420 καί
202 1360 363 1441 πολιτικῆς
386 1357 545 1446 συνέσεως
564 1357 619 1421 καί
639 1357 788 1432 παιδείας
807 1356 862 1420 καί
883 1354 1038 1431 εὐταξίας.
1080 1353 1115 1417 τί
1132 1355 1161 1417 δ’
1185 1348 1287 1415 ἄνη

122 1481 172 1533 τις
194 1456 275 1543 φαίη
295 1457 350 1521 καί
372 1458 447 1541 περὶ
468 1458 531 1521 τῶν
552 1453 752 1539 ἐνδυμάτων,
775 1454 837 1523 lca
858 1456 917 1547 κᾶν
939 1456 1060 1531 τούτοις
1081 1476 1222 1539 παρηνο-

77 1584 81 1592 ·
122 1558 224 1643 μῆθη,
245 1558 301 1623 καί
323 1555 410 1633 ὅπως
432 1558 648 1623 ἐκτετόπισται
669 1560 725 1621 τοῦ
757 1557 919 1642 γνωρίμου
941 1555 1048 1627 τεκαὶ
1066 1543 1224 1639 νυνῆθηκε

124 1658 278 1735 πολιτεία,
300 1654 344 1733 ῶς
364 1660 447 1743 μηδὲ
468 1659 682 1744 γινώσκεσθαι
704 1656 751 1723 ἔτι
776 1656 862 1733 ὅστις
879 1654 1047 1739 Ῥωμαίων
1063 1657 1119 1721 κατ’
1139 1653 1224 1730 δ’στις

121 1760 186 1822 τῶν
209 1754 312 1834 ἄλλως
335 1758 472 1839 ἐχόντων
493 1762 608 1843 γενῶν·
663 1753 733 1825 οὔτε
759 1755 821 1842 γὰρ
844 1758 995 1843 Περσική
1020 1780 1067 1832 τις
1090 1752 1225 1841 ἄκρατος

74 1857 146 1943 15ῆ
167 1856 262 1942 στολῆ
281 1858 406 1945 γε’γονεν
426 1858 486 1945 ἤδη
517 1857 707 1942 Ῥωμαίοις,
731 1853 802 1924 οὔτε
824 1856 982 1943 Λατινικῆ
1002 1857 1131 1934 τελέως,
1154 1851 1224 1920 οὔτε

123 1959 187 2042 μήν
207 1984 255 2035 τις
276 1960 306 2025 Γ
307 1960 417 2045 aterni
449 1960 620 2039 καθάπαξ,
648 1955 718 2025 οὔτε
740 1958 773 2023 εἴ
789 1985 838 2036 τις
861 1961 1051 2043 Τριβαλλῶν
1079 1958 1134 2021 καί
1157 1954 1224 2039 ἅμα

125 2061 255 2125 Μυσῶν
277 2060 332 2125 καί
353 2062 523 2126 Παιόνων·
570 2061 638 2125 ἀλλ’
661 2062 694 2126 ἐκ
718 2064 829 2125 πασῶν
854 2058 888 2124 τὸ
912 2058 966 2123 διὰ
988 2061 1101 2123 πασῶν
1124 2060 1224 2121 εἰπεῖν
1264 2121 1269 2137 x

124 2162 178 2243 τῆς
200 2163 357 2245 μουσικῆς
378 2163 497 2248 ἐκείνης
519 2160 675 2247 ἁρμονίας
695 2162 751 2227 καί
775 2162 889 2247 ἀρετῆς
906 2161 960 2225 ἐπὶ
981 2161 1044 2225 τῶν
1063 2158 1225 2244 ἡμετέρων

94 2280 97 2285 ·
130 2260 363 2347 ἀπέστραπται
379 2262 507 2348 χρόνων
528 2266 561 2337 ἐς
584 2262 670 2329 ἅπαν
690 2263 872 2328 τούναντίον
891 2269 996 2346 μῖγμα
1018 2261 1074 2325 καὶ
1096 2258 1224 2346 συμφό-

74 2384 115 2439 20
129 2386 230 2447 ρημα·
260 2365 316 2431 καί
340 2362 466 2449 δρῶμεν
488 2367 550 2428 τῶν
572 2364 666 2451 ἱερῶν
690 2365 870 2450 περιβόλων
891 2360 968 2427 εἴσω
989 2360 1061 2437 τοὺς
1083 2363 1146 2425 τῶν
1170 2360 1225 2446 φί-

128 2468 192 2526 λων
214 2466 333 2541 παῖδας
354 2463 409 2549 τῆν
429 2466 488 2548 μὲν
508 2469 651 2551 κεφαλὴν
672 2464 813 2541 ἐοικότας
830 2465 993 2541 Λατίνοις,
1016 2461 1051 2527 τὸ
1075 2464 1110 2527 δὲ
1130 2462 1226 2544 σῶμα

130 2564 195 2625 πᾶν
216 2568 374 2649 περσικῶς
394 2588 429 2629 τε
450 2566 505 2631 καί
525 2569 667 2650 μηδικῶς
690 2564 895 2649 ἐσταλμένον,
916 2564 973 2629 καί
993 2562 1172 2629 τούναντίον
1194 2563 1227 2638 ἐς

128 2661 183 2749 τῆν
204 2660 375 2750 δστεραίαν
395 2664 467 2744 τοὺς
489 2666 602 2745 αὐτοὺς
635 2670 691 2735 νόν
710 2668 770 2751 μὲν
793 2664 898 2746 ἄλλως
917 2669 973 2735 νῦν
994 2664 1023 2732 δ’
1048 2660 1154 2741 ἄλλως
1171 2665 1227 2730 νῶν
1269 2708 1275 2729 r

128 2972 249 3043 profluxa
269 2980 295 3025 et
316 2973 435 3041 profusa,
452 2988 528 3044 quam
546 2975 689 3027 secundum
708 2975 802 3044 regiae
820 2976 961 3043 potestatis
980 2982 1008 3027 et
1027 2982 1131 3028 sanctae
1151 2976 1227 3044 leger

129 3045 307 3113 tradideram
343 3053 526 3113 tempestatem
551 3054 578 3098 et
602 3046 780 3099 calamitatem
813 3048 996 3115 gravissimam
1023 3047 1170 3100 excitantes
1199 3049 1227 3103 in

132 3132 263 3186 quemque
283 3116 398 3181 bonum,
429 3132 481 3185 quo
501 3118 566 3169 deoc
585 3127 614 3168 ut
635 3134 686 3187 ego
706 3118 803 3185 opinor
821 3118 1016 3185 providentiam
1035 3132 1108 3169 coam
1127 3116 1228 3185 proba.

131 3190 179 3241 vlt.
217 3204 268 3256 qua
290 3203 369 3241 omne
388 3188 547 3255 disciplinae
568 3205 653 3257 genua
672 3188 803 3240 sublatum
826 3197 867 3240 oet
887 3197 914 3239 et
931 3189 959 3239 in
979 3189 1140 3240 contrarium
1160 3202 1227 3240 con.

131 3276 209 3312 verae
231 3267 272 3311 eet
292 3262 377 3312 virtue
407 3267 434 3311 et
453 3275 531 3311 omne
550 3259 613 3312 boni
633 3261 770 3322 meritum3
800 3267 828 3310 et
857 3260 961 3311 invexit
978 3260 1027 3311 illa
1045 3262 1116 3311 inter
1135 3275 1229 3312 omnen

132 3332 188 3385 lere
210 3332 341 3383 Romanos
362 3338 491 3400 quotquot
509 3340 571 3383 aunt
586 3346 675 3383 novae
693 3326 823 3395 orientis,
841 3346 930 3383 morer
948 3346 1034 3383 πονοι
1057 3338 1084 3383 ct
1103 3333 1228 3400 peregri.

131 3417 179 3457 οοε
205 3409 232 3454 et
261 3418 275 3453 a
301 3403 412 3469 pristina
437 3404 506 3471 regii
533 3404 638 3469 imperii
664 3410 690 3454 et
715 3418 805 3454 rernm
833 3402 1067 3455 alminiatrationic
1096 3403 1228 3470 capientia

132 3486 240 3541 prorsus
259 3473 373 3524 alienos.
412 3476 474 3542 qnid
494 3480 580 3526 autem
598 3474 737 3533 dicendum
760 3475 793 3525 de
806 3475 983 3538 vestimentis,
1002 3490 1079 3544 quam
1100 3474 1182 3528 molta
1200 3476 1228 3525 in

133 3544 175 3597 liic
197 3546 277 3595 etiarn
296 3550 389 3596 contra
407 3546 625 3598 consuetudinem
640 3544 739 3597 lnuteta
756 3547 820 3610 sint,
839 3554 866 3597 et
884 3545 1017 3615 ραοιποδο
1037 3546 1156 3597 exomni
1175 3559 1227 3596 no.

133 3617 191 3667 titia
213 3623 315 3667 remota
334 3624 360 3666 et
377 3626 474 3670 novata
494 3620 530 3669 eit
548 3617 709 3684 respublica,
728 3624 830 3669 utnon
849 3619 899 3669 iam
919 3617 1047 3684 cognosci
1066 3616 1151 3681 poscit
1168 3617 1227 3683 qnis

133 3686 291 3739 eliomanic
309 3687 343 3739 tit
362 3690 421 3756 quie
441 3704 474 3740 ex
496 3688 549 3740 alia
567 3699 658 3757 gente.
695 3704 785 3757 neque
805 3691 874 3740 enim
897 3703 978 3755 parur
998 3685 1120 3737 terricus
1140 3686 1227 3739 cultor

132 3773 146 3808 a
168 3756 292 3809 Romanis
311 3766 437 3824 receptus
457 3766 517 3825 cet,
543 3776 631 3829 neque
650 3776 731 3829 purus
751 3762 875 3823 Latinus,
904 3772 993 3827 neque
1012 3757 1157 3821 Gothicum
1175 3772 1227 3809 ne.

133 3843 184 3895 que
203 3828 225 3879 εἰ
246 3829 305 3895 quir
328 3830 503 3881 Triballorum
529 3831 574 3882 vel
592 3834 725 3898 Mysorum
752 3832 797 3885 rel
817 3831 960 3883 Paeonum.
1008 3829 1054 3882 red
1075 3831 1227 3895 promiscae

134 3913 168 3949 ex
186 3900 307 3951 omnibus
333 3908 362 3953 ot
381 3902 472 3954 dicunt
490 3903 585 3953 mraeici
605 3902 671 3954 illud
691 3911 836 3955 concentor
855 3909 881 3951 et
901 3901 1012 3954 effectur
1030 3916 1046 3951 c
1063 3900 1226 3952 nostratibus

133 3982 292 4021 conversum
312 3978 339 4022 et
357 3973 384 4023 in
405 3988 512 4038 prorsus
533 3975 693 4025 contrarium
712 3975 881 4025 commixtum
901 3980 928 4023 et
950 3975 977 4025 in
997 3973 1161 4040 congeriem.
1200 3980 1228 4023 et

132 4038 252 4092 ridemus
272 4042 341 4094 intra
366 4058 456 4096 sacros
474 4058 563 4096 murce
591 4046 733 4097 amicorum
753 4043 824 4096 iiiior
844 4052 924 4109 capnt
954 4045 1059 4113 quidem
1078 4041 1227 4095 relerentes

132 4111 302 4177 Latinorum,
322 4128 419 4181 corpur
447 4129 511 4166 vero
531 4124 614 4167 toturn
632 4113 772 4168 Persarum
795 4114 841 4166 nol
860 4114 994 4167 lledornm
1012 4127 1087 4165 more
1106 4121 1227 4165 ornatum

133 4190 182 4238 ert.
219 4196 310 4239 rucene
336 4194 426 4241 autern
443 4187 550 4259 eosdem
570 4186 655 4241 altero
680 4188 723 4241 die
742 4186 821 4241 modo
846 4186 919 4240 huuc
935 4187 1016 4243 morlo
1031 4183 1109 4239 illum
1125 4198 1226 4240 morem
