3017 4759
144 236 149 243 ·
208 292 212 301 .
267 184 316 263 oo
568 186 793 257 urcsruonr
822 160 1085 255 carcosam
1186 220 1191 229 -

268 376 325 441 σης
347 357 402 439 τῆς
425 352 596 439 διηγήσεως
616 350 940 437 εὐπαρακολούθητος
960 356 1016 418 κατ’
1038 348 1115 436 ἡμῖν
1136 346 1154 437 ἦ
1178 354 1241 417 τῶν
1262 352 1380 417 τοιού-

268 479 330 521 τωτ
352 457 520 538 ἐγγίγνοιτο
544 454 687 537 μάθησις
709 449 907 536 ἑκατέρωθεν
926 449 1095 538 ἑκατέροις.

203 566 259 621 8⁸
364 556 399 622 Ὁ
417 560 477 636 μέν
506 553 545 640 δὴ
568 551 684 639 χρόνος
706 557 778 618 καθ’
800 550 835 617 ὃν
857 552 995 618 έπανιῶν
1014 558 1234 635 κατέπλευσα,
1259 558 1377 641 φησίν,

269 658 302 734 ές
322 653 521 738 Βυζάντιον,
548 653 630 738 μετύι
659 653 752 731 κυνός
786 656 931 739 ὑπῆρχεν
954 657 1113 736 έιιιτολύς,
1138 654 1287 740 λήγοντος
1310 651 1377 741 ἤδη

269 759 325 823 τού
346 761 473 842 θέρους.
525 757 625 832 εύθύς
654 751 710 821 ούν
733 750 858 838 οἷποβύς
882 759 937 839 τῆς
957 756 1037 832 νεῶς
1065 755 1172 823 οἰκόδε
1197 754 1403 842 ιῖφικόμην,5

270 861 325 923 καί
340 860 492 942 οἰκουρῶν
509 860 728 923 διετετελέκειν
744 858 851 943 ἡλίους
872 854 942 942 ἑξῆς
962 862 1199 940 πεντεκαιδεκα,
1220 863 1376 939 αἰνολαμ-

268 957 374 1042 odem
394 984 426 1024 τε
446 958 597 1041 έμαυτόν,
617 963 672 1025 καί
694 958 751 1043 τήν
774 956 809 1024 de
829 957 990 1044 θαλάττης
1012 962 1117 1044 η’ρέμα
1137 962 1192 1025 καί
1211 959 1291 1025 κατόι
1313 987 1375 1042 μι-

271 1059 346 1143 κρόν
368 1058 613 1144 αἰιυτριβόμενος
633 1062 759 1147 αήδίῶν.
803 1058 858 1125 καί
878 1062 939 1142 μὲν
958 1060 997 1145 δὴ
1021 1063 1084 1125 τῶν
1106 1061 1232 1146 ἡμερῶν
1248 1060 1373 1141 μεταξύ

270 1164 407 1225 τουτωνί
427 1158 619 1243 προσιόντων
641 1153 746 1227 ἄλλοτ’
763 1156 868 1227 ἄλλων
882 1166 984 1247 peleos
1005 1157 1269 1241 καέόμιλούντωι
1291 1162 1375 1247 ἡμῖν

271 1261 412 1347 α’κριβῶς
427 1264 598 1347 ,ἀκηκοέναι
615 1288 671 1346 μοι
695 1269 819 1348 γέγονεν
843 1260 984 1344 ῶιιαντα,
1007 1262 1063 1348 τήν
1085 1268 1113 1327 τ’
1137 1264 1376 1350 ὀνομαζομένην
1388 1272 1419 1324 10
1469 1294 1476 1300 -

272 1362 397 1431 ούταισί
413 1387 478 1440 πως
498 1363 643 1448 σύνοδον,
666 1358 750 1442 ὅπως
772 1389 805 1429 τε
827 1367 1048 1449 έσχεδίασται,
1069 1364 1123 1430 καὶ
1145 1358 1205 1430 ὅσα
1227 1370 1374 1449 πέπρακ-

270 1490 323 1531 ται
348 1459 540 1551 παρανόμως
573 1468 643 1531 έκεί
657 1466 736 1551 πρός
757 1468 819 1531 τῶν
847 1468 1012 1550 προέδρων
1040 1468 1102 1530 τῶν
1124 1472 1271 1556 Παλαμᾷ
1290 1458 1378 1549 συμ-

269 1566 460 1649 μαχούντων
480 1570 536 1632 κατ’
555 1568 863 1651 ῶνακεκαλυμμένως
891 1566 1140 1651 ἐπιορκούντων,
1165 1563 1212 1633 ἔτι
1232 1593 1267 1634 τε
1289 1562 1380 1643 ὅπως

221 1740 223 1750 Ι
272 1663 308 1731 τό
327 1670 387 1748 μέν
414 1670 469 1749 τῆς
492 1671 663 1745 πολυθείας
692 1668 854 1753 η’κύρωται
877 1664 1001 1752 δόγμα,
1024 1665 1057 1731 τό
1083 1672 1118 1733 δέ
1138 1672 1197 1754 τῆς
1217 1672 1376 1755 ένούρκου

274 1766 451 1851 μυστήριον
479 1771 657 1849 οἰκονομίας
685 1767 849 1856 α’νῄρηται.
900 1773 956 1834 καί
989 1768 1069 1855 πρός
1098 1794 1133 1854 γε
1162 1780 1228 1848 τοῖς
1246 1763 1374 1854 ῶλλοις,
1389 1776 1420 1829 15

276 1865 299 1931 b*
320 1868 396 1950 μηδ’
419 1870 499 1953 α’κοῇ
517 1878 696 1955 σωφρονεῖν
721 1872 762 1933 δι’
788 1872 953 1953 εύσέβειαν
979 1874 1218 1959 προαιρουμένῃ
1247 1870 1376 1936 διδόναι

274 1966 399 2052 χρεῶν,
429 1968 556 2036 κάκεῖνα
593 1968 716 2056 δηλαδὴΙ
746 1968 807 2037 όσα
835 1977 1040 2057 βαρβαρικῶς
1073 1996 1107 2036 τε
1130 1976 1187 2037 καί
1207 1976 1377 2058 θηριωδῶς

274 2068 436 2156 εἴργασται
460 2068 539 2156 πρός
559 2074 620 2136 τῶν
641 2075 820 2155 ποιμαίνειν
840 2072 998 2156 λαχόντων
1024 2070 1081 2156 τὴν
1100 2069 1277 2159 ἐκκλησίαν,
1301 2073 1378 2156 περὶ

276 2163 320 2237 ῶν
342 2170 358 2236 ό
381 2170 488 2255 κύριος
509 2169 571 2259 ἔφη
587 2169 756 2255 αποιμένες
779 2172 1203 2259 η’φρονεύσαντο,·ποιμένες
1226 2177 1398 2260 διέφθει-.
1499 2185 1500 2188 ’

211 2292 266 2344 u
278 2296 336 2358 ραν
353 2269 407 2338 τόν
427 2271 600 2354 δμαελῶνύ
619 2274 717 2356 μου.”
769 2267 914 2356 καί-δόμα
944 2272 1000 2339 τόν
1029 2274 1083 2340 έπέ
1101 2272 1226 2350 τούτοις
1249 2274 1422 2361 porum-20

278 2375 428 2439 δέστατον
458 2374 513 2437 καί
543 2373 743 2441 παντοδαπόν
772 2374 928 2460 διωγμόν,
960 2367 1094 2442 κῶπειτα
1122 2367 1208 2454 όπως
1235 2398 1268 2441 τε
1303 2379 1378 2461 διη-

277 2476 438 2559 νέχθησαν
458 2472 534 2539 ἔνιοι
549 2480 620 2540 κατ’
635 2477 726 2541 ένίων
742 2477 917 2560 ἐπίσκοποι,
931 2476 987 2543 καί
1006 2474 1121 2560 σχεδόν
1145 2473 1283 2553 ἅπαντες
1302 2482 1379 2543 καθ’

278 2569 432 2658 ύπόντων,
452 2571 555 2661 ῶσπερ
573 2580 608 2643 έκ
624 2581 806 2661 μεταμέλου
827 2577 862 2643 τό
881 2582 1017 2664 μέγεθος
1037 2582 1100 2643 τῶν
1119 2583 1284 2666 σφετέρων
1298 2580 1378 2644 dro-

279 2863 327 2936 ris,
350 2867 378 2913 ut
398 2860 550 2915 narratione
571 2860 632 2913 inde
656 2876 689 2913 ex
708 2861 802 2913 ordine
827 2862 992 2929 procedente
1013 2860 1119 2929 utrique
1138 2867 1258 2913 nostrum
1278 2861 1377 2928 cogni.

279 2934 316 2985 tio
337 2948 424 2985 rerum
446 2933 478 2985 ab
497 2942 609 3004 utraque
627 2941 702 3002 parte
720 2933 862 3001 perspicua
883 2933 987 2984 evadat.

379 3022 474 3090 „Quod
492 3025 524 3076 ad
544 3032 647 3091 tempus
669 3024 772 3087 attinet,
791 3023 887 3092 inquit,
906 3021 1065 3088 Byzantium
1083 3028 1145 3088 post
1162 3019 1308 3075 Caniculae
1329 3034 1377 3071 or.

233 3130 236 3137 ι
280 3106 336 3150 turn
354 3103 457 3147 aestate
477 3096 529 3146 iam
550 3104 664 3147 exeunte
685 3111 812 3147 reversus
830 3109 896 3147 sum.
939 3094 1002 3144 navi
1028 3108 1152 3162 egressus
1181 3092 1287 3143 domum
1315 3093 1376 3143 veni

281 3168 372 3233 ibique
393 3166 543 3233 quindecim
562 3168 703 3219 continuos
722 3166 779 3218 dies
799 3172 922 3218 versatus
939 3179 981 3215 me
998 3164 1083 3215 reieci
1106 3172 1133 3215 ct
1153 3162 1298 3231 navigandi
1317 3177 1377 3214 mo-

281 3238 375 3289 lestias
393 3238 492 3289 sensim
517 3237 699 3305 paulatimque
718 3236 840 3289 abstersi.
885 3235 961 3287 bisce
985 3235 1077 3287 diebus
1101 3233 1163 3286 eliis
1190 3233 1258 3286 alies
1286 3234 1377 3285 amicis

281 3325 323 3360 me
347 3307 570 3360 convenientibus
599 3315 625 3359 et
643 3324 745 3359 mecum
765 3307 987 3361 conversantibus
1011 3314 1135 3358 accurate
1153 3307 1241 3357 omnia
1260 3307 1378 3373 comperi

280 3382 313 3435 de
334 3377 438 3445 synodo
456 3380 518 3443 ista,
541 3394 617 3447 quam
640 3378 779 3445 dicebaut,
799 3396 850 3449 qua
870 3380 975 3430 ratione
996 3395 1028 3429 er
1046 3386 1167 3445 tempore
1186 3383 1279 3429 coacta
1298 3384 1378 3440 esset,

282 3450 410 3522 quesibi
432 3466 447 3501 a
467 3449 634 3518 praesidibus
652 3450 775 3503 Palamae
797 3450 1003 3520 suifragantibus
1029 3458 1056 3502 et
1084 3448 1170 3518 palam
1198 3447 1379 3501 deierantibns

284 3523 429 3593 illegitime
448 3529 534 3592 geste,
556 3536 608 3590 quo
627 3530 705 3589 pacto
729 3524 824 3591 dogma
843 3525 875 3576 de
899 3519 988 3573 multis
1019 3520 1203 3574 divinitatibus
1226 3528 1312 3571 ratum
1337 3518 1380 3570 la.

282 3604 361 3658 etum,
381 3594 536 3662 mysterium
551 3593 617 3644 'vero
637 3596 827 3647 iucarnationis
847 3598 970 3647 eversum
990 3602 1070 3646 esset.
1107 3600 1214 3660 praeter
1233 3590 1285 3642 alia
1304 3605 1380 3653 vero,

283 3680 352 3734 qnae
374 3681 409 3719 ne
430 3665 538 3717 auribus
556 3665 661 3733 quidem
681 3666 826 3731 hominum,
846 3669 944 3736 qnipie
963 3675 1042 3734 atque
1061 3666 1197 3717 moderate
1213 3653 1312 3715 bivero
1331 3677 1381 3714 ve-

282 3739 350 3800 lint,
373 3737 519 3805 inperenda
541 3743 621 3802 sunt,
643 3737 692 3789 illa
711 3751 818 3806 quoqne
838 3740 971 3804 nimirum,
993 3753 1064 3806 quae
1087 3736 1200 3789 barbare
1220 3743 1246 3787 et
1273 3735 1383 3785 efferate

283 3810 338 3871 isti,
358 3806 453 3875 quibus
472 3816 605 3875 pastorum
624 3824 719 3861 munus
741 3810 862 3876 obtigit,-
881 3818 1039 3879 gesserunt,
1053 3809 1091 3864 sio
1116 3807 1212 3876 quibus
1233 3805 1384 3873 pastoribus

284 3880 405 3932 dominus
425 3880 509 3953 dixit:
533 3887 669 3946 „pastores
684 3881 861 3946 insaniebant,
870 3891 991 3948 pastores
1000 3880 1139 3933 vastabant
1156 3880 1263 3932 vineam
1273 3884 1384 3929 ιτιοιιιυνι

290 3952 410 4019 comperi
433 3950 522 4015 etiam,
541 3960 569 4002 ut
588 3953 803 4017 persecutionem
816 3951 1054 4006 ‘horribilissimam
1073 3952 1173 4019 ubique
1193 3950 1385 4003 instituissent:

292 4031 323 4075 nt
341 4022 405 4075 dein
433 4020 558 4074 nonnulli
580 4024 700 4090 episcopi
719 4039 778 4075 curn
802 4024 940 4078 nonnullis
959 4033 987 4076 ct
1004 4040 1094 4077 onmes
1115 4023 1172 4075 lere
1190 4038 1248 4073 cum
1267 4021 1387 4072 omnibus

287 4095 471 4163 dissedissent,
492 4102 615 4166 tanquam
637 4097 804 4164 poenitentia
821 4097 885 4148 tacti
906 4107 932 4151 et
956 4097 1137 4166 magnitudine
1164 4092 1295 4148 scelerum
1322 4106 1388 4151 suo-
