3017 4759
255 265 477 332 ursuournu
500 263 760 330 numnumnu
785 265 910 329 runt.
936 246 1066 332 5-8.
1155 251 1229 331 art

129 423 288 504 δύσκολος
322 426 464 513 Ἰωάννης
492 427 670 507 κενοδοξίας
699 430 863 512 καθέδραν
886 423 968 494 εἶναι
992 431 1105 515 φησίν,
1127 429 1232 513 ‹lyve-

129 534 201 603 σιἀς
220 528 402 614 τεκμήριον,
423 531 634 613 εὐτραπελίας
653 531 871 615 χειραγωγὸν,
897 528 1040 612 ψεύδους
1060 527 1230 611 ύπουργόν,

129 629 325 708 κατανύξεως
344 630 538 718 ἀφανισμόν,
557 635 754 707 καταλαλιᾶς
771 629 897 713 θύραν,
926 633 982 714 τῆς
1011 633 1077 695 κατ’
1100 623 1231 711 αἰνθρυύ·

130 757 198 798 πων
220 730 340 817 δηλαδὴ
371 735 548 818 λοιδορίας,
569 736 624 797 καί
645 732 775 820 ον’δαμῇ
804 734 861 816 τῆς
889 730 970 797 κατὰ
995 735 1095 796 θεού·
1138 733 1233 796 τούτο

104 833 190 916 5γύρ
214 833 284 897 ούδ’
307 829 363 897 ἐπί
379 829 453 897 νούν
475 834 520 920 τῷ
539 834 618 924 θείῳ
639 834 747 921 ε’κείνρι
763 832 890 916 ἀφίκετ’
906 832 1009 915 α’νδρί.
1053 826 1070 894 δ
1092 829 1154 915 γδρ
1178 825 1235 912 τὴν

130 941 197 998 κατ’
220 933 401 1016 αἷνθραίπων
431 937 591 1019 λοιδορίαν
620 930 868 1012 ούτωίιολοίζων
897 935 965 1008 πῶς
985 934 1046 996 oria
1067 925 1105 996 δίν
1126 933 1235 1010 ἐξεπύ-

130 1042 247 1120 πληιιτο
263 1035 418 1119 κατ”πρδς
438 1035 587 1121 α’φωνίαν
602 1039 797 1121 κατηνέχθη,
820 1036 982 1119 λοιδορίας
1005 1035 1131 1098 α’κούων
1152 1029 1233 1096 κατὰ

130 1139 231 1216 θυοδ,Ι
261 1138 404 1218 λοιδορία
433 1133 494 1220 γάρ
524 1140 593 1201 ἐστι
625 1134 714 1216 κατὰ,
737 1139 823 1200 θεοῦ·
844 1138 968 1210 πάντας
1001 1134 1022 1220 ἦ
1048 1135 1115 1199 τιδν
1148 1133 1237 1214 ύμα-

130 1240 199 1301 θύν
221 1231 351 1321 ἄκαιρος
371 1241 528 1320 θεολογία.
584 1237 639 1303 καί
658 1242 752 1304 τούτο
782 1239 877 1323 δῆλον
900 1237 975 1321 ἡμῖν
999 1233 1016 1301 ὅ
1039 1233 1236 1322 Χρυσορρὴ,

89 1348 123 1402 10
131 1362 201 1419 μων
223 1337 339 1404 αύτίκα
365 1336 501 1422 ποιησει.
546 1342 675 1424 ἐτίμησε
695 1337 754 1424 γύρ
775 1363 811 1404 σε
836 1335 851 1403 δ
873 1338 959 1420 θεός,
973 1339 1080 1424 φησίν,
1100 1338 1161 1418 ούχ
1182 1321 1236 1400 ἵνα

133 1437 232 1504 αύτὸν
253 1434 405 1525 ύβριζης·
449 1436 576 1522 ύβρίζει
598 1440 660 1522 γὰρ
683 1439 781 1504 αύτδν
804 1438 819 1504 o‘
842 1437 901 1523 τὴν
922 1439 1033 1504 ούοιάν
1056 1438 1157 1502 αύτοῦ
1180 1459 1238 1499 πε.

132 1537 387 1624 ριεργαζύμενος.
432 1543 554 1618 τούτοις
575 1543 688 1606 ἐκεῖνον
710 1538 745 1604 τύ
774 1539 890 1618 εἰωθὸς
914 1541 1100 1624 α’ντεισῆγυν
1120 1535 1237 1603 ἐκεῖνο·

132 1636 201 1706 εἶτα
238 1638 404 1724 ἐρρῶσθαι
424 1642 601 1730 φράσομεν,
621 1646 712 1728 φησί,
741 1639 800 1718 τὰς
830 1639 1018 1726 θεολογικύς
1049 1643 1112 1706 τῶν
1140 1636 1240 1724 ύγίων

132 1741 264 1823 βίβλους
284 1737 328 1816 ιύς
351 1739 392 1808 ἂν
413 1733 444 1808 εί
464 1746 515 1808 ἐπ’
536 1744 643 1809 ούδενί
662 1747 810 1833 χρησίμῳ
844 1750 912 1818 τοῖς
941 1741 1131 1827 πεπονηκότι
1159 1765 1242 1825 γρα-

89 1843 269 1928 15φείσαςς
290 1849 419 1927 χαίρειν
440 1848 471 1910 δ’
492 1843 629 1927 ἕοίσομῖν
656 1843 693 1909 τύ
716 1848 808 1912 θεῖον
839 1848 1022 1930 εύαγγίλιυν
1043 1838 1060 1908 δ
1079 1843 1139 1922 τύς
1159 1867 1241 1928 γρα·

135 1940 200 2031 φύς
220 1946 298 2031 ἡμῖν
319 1950 453 2030 ε’ρευνᾶν
473 1958 638 2032 παραινεῖς

233 2045 329 2132 Πρύς
350 2052 453 2116 ταύτα
470 2050 487 2115 δ
503 2054 535 2116 Γ
533 2058 671 2136 ρηγορύς
694 2029 819 2118 ούτοδσί
831 2075 896 2129 παις
916 2049 1106 2137 ἀπήντησεν.
1149 2049 1276 2136 αἶρε-0

135 2154 230 2215 τικαῑν
251 2173 308 2231 μοι
329 2155 517 2237 προφέρετε,
538 2144 715 2237 ἅνθρωποι,
741 2152 881 2240 ῥήματα.
925 2157 1020 2218 τίνων
1043 2150 1082 2239 δη
1101 2148 1240 2234 eudemo,-

137 2243 184 2316 ὄν
205 2250 262 2336 την
283 2245 400 2317 ἄτοπον
421 2250 554 2336 ἔρευνάν
576 2278 611 2317 τε
631 2259 686 2319 καὶ
706 2256 1014 2340 πολυπραγμοσύνην
1028 2256 1165 2343 δημοσίρ
1183 2258 1241 2318 τού
1314 2309 1317 2316 ,

91 2350 406 2438 2θΧρνσορρημονος
427 2358 641 2439 ἐξελέγχοντος
673 2349 764 2420 ούπω
786 2359 824 2438 γε
846 2351 1021 2441 η’κηκύειτε,
1055 2353 1098 2432 cic
1128 2339 1240 2420 ἔοικἐν.

136 2451 312 2519 ἀκούσεσθε
334 2457 370 2520 δὲ
390 2460 472 2538 νύν,
503 2459 559 2521 ιιαί
580 2458 612 2521 εἰ
627 2457 670 2541 μὴ
694 2456 779 2521 πάνυ
804 2482 837 2522 τε
857 2460 1009 2544 σφοδροῖς
1038 2481 1074 2542 γε
1092 2455 1142 2542 εἴη
1163 2455 1241 2538 opo
1288 2531 1301 2558 ὁ
1346 2461 1356 2474 “

136 2550 218 2636 πρὸς
239 2556 432 2643 βουλήσεως,
453 2555 512 2634 τύς
533 2559 597 2624 τῶν
619 2556 787 2645 αἶρετικιδν
804 2559 985 2636 οἶντιθύοεις
1006 2557 1159 2644 συχνύτε
1181 2559 1241 2622 attia
1337 2639 1342 2646 Ι

140 2915 216 2979 dicit,
238 2911 409 2982 ignorantiae
426 2910 622 2977 documentum,
641 2910 806 2979 argutiarum
823 2909 989 2975 subsidium,
1017 2907 1118 2963 fraudis
1137 2909 1241 2968 iustru.

139 2993 268 3049 mentum,
288 2983 396 3036 demissi
420 2983 501 3034 animi
529 2982 715 3047 aversionem,
741 2989 847 3050 portant
874 2981 1038 3046 dlcacltrtls,
1059 2983 1243 3040 conviciorum
1317 3007 1320 3022 ¹

143 3057 253 3110 scilicet
271 3055 299 3105 in
319 3053 461 3119 homines,
485 3067 538 3106 neo
561 3069 628 3107 reru
654 3055 683 3106 ln
706 3053 795 3106 deum.
833 3052 902 3104 hacc
926 3052 1009 3121 igitur
1035 3061 1162 3106 asancto
1183 3059 1243 3111 uiro

141 3128 192 3180 illu
213 3125 410 3189 abhorrebant3
432 3125 478 3194 qui
499 3141 577 3194 quum
596 3127 634 3178 lta
653 3124 868 3178 maledicentiam
886 3125 914 3175 in
931 3123 1053 3176 homines
1073 3125 1243 3194 vituperem,

141 3214 232 3253 noune
251 3197 419 3265 stupetactus
437 3203 510 3250 esset
529 3205 556 3250 at
573 3196 765 3260 obmutuisset,
795 3195 819 3248 sl
847 3196 874 3247 in
894 3195 973 3248 doum
991 3194 1134 3249 maledicta
1152 3201 1244 3252 audis.

143 3269 206 3323 set?
233 3269 376 3322 maledicta
394 3276 483 3320 autem
508 3268 537 3321 in
563 3269 641 3321 deum
660 3275 721 3321 sunt
738 3267 906 3320 indoctorum
924 3267 1130 3335 intempestivae
1148 3270 1243 3340 dlspn.

70 3343 77 3350 '
142 3343 262 3394 tationes
281 3340 465 3409 theologicae.
503 3341 574 3410 quod
588 3341 794 3408 chrysostomus
810 3353 917 3408 quoque
934 3338 1013 3391 nobis
1032 3339 1161 3393 alhrmatr
1180 3343 1244 3394 «ho.

145 3413 255 3466 notovit
276 3419 303 3463 te
325 3413 413 3481 inquit
437 3411 502 3464 deus
521 3426 575 3465 non
602 3420 632 3464 nt
655 3427 715 3464 eum
741 3409 905 3463 contumelia
929 3410 1043 3465 allicias.
1081 3414 1244 3466 contumelio

141 3499 211 3537 [reru
230 3482 356 3535 allicitis
377 3486 423 3552 qni
441 3483 603 3536 snhsantiam
623 3485 682 3537 clus
701 3484 834 3538 curiosius
857 3481 998 3551 explorat.'
1035 3481 1078 3536 his
1090 3491 1178 3536 autent
1196 3499 1246 3540 rex

146 3562 175 3607 et
194 3554 316 3607 usseclae
335 3556 393 3606 eius
411 3564 441 3607 ut
459 3564 622 3608 consuerant
640 3563 824 3624 opposuerunt
842 3554 958 3613 haecce:
980 3551 1064 3622 quid?
1083 3567 1148 3622 ergo
1163 3557 1244 3607 omit.
1287 3557 1295 3574 ⁸

145 3625 219 3678 tendi
242 3625 321 3678 nohis
339 3633 401 3679 sunt
421 3636 573 3680 sauctorum
591 3626 654 3680 libri
674 3621 823 3696 theologici
843 3627 919 3695 quasi
936 3624 970 3676 ad
983 3624 1084 3676 nullam
1102 3625 1245 3678 utilitatem

145 3697 199 3751 sint
217 3698 382 3764 conscripti;
402 3713 467 3766 ergo
486 3701 660 3752 omittendum
679 3699 758 3752 nohis
769 3699 888 3752 divinum
900 3694 1072 3764 evangelium
1084 3697 1155 3765 quod
1173 3700 1243 3750 scri.

142 3775 234 3837 pturss
252 3777 283 3820 nt
303 3777 451 3822 scrutemur
467 3785 517 3824 nos
534 3769 711 3824 adhortatur?

244 3866 300 3920 Scd
318 3868 352 3919 ad
371 3865 441 3918 haec
461 3867 595 3936 Gregorns
623 3871 664 3922 sic
683 3868 757 3921 lere:
782 3881 831 3921 ros
856 3864 1054 3918 haereticorum
1079 3865 1150 3918 dicta
1178 3866 1244 3920 mihi

147 3938 287 4010 profertis.
324 3937 359 3990 lli
376 3953 443 3989 vero
463 3938 556 4007 quales
575 3940 651 3992 sunt!
671 3955 741 3993 anne
760 3939 854 3992 horum
873 3938 990 4004 ineptam
1009 3937 1200 3991 scrutationem
1219 3943 1247 3990 ct

146 4013 282 4063 curiosam
303 4009 457 4061 industriam
476 4009 563 4076 pulum
581 4025 597 4061 a
615 4010 807 4078 Chrysostomo
827 4007 991 4076 deprehendi
1014 4024 1149 4078 nunquam
1168 4011 1247 4062 audi.

148 4080 253 4135 ristis‘l
290 4081 338 4132 sed
356 4079 471 4134 audietis
496 4095 568 4132 nunc
594 4083 672 4133 etium
695 4097 806 4151 prorsus
832 4080 911 4134 nohis
939 4080 1032 4136 invitis
1052 4080 1184 4149 quomodo
1204 4080 1249 4137 hic

148 4153 347 4206 haeretieorum
364 4153 549 4219 oppositiones
558 4153 685 4206 continuo
698 4169 731 4207 ac
740 4161 850 4231 strenue
866 4151 1009 4207 refellerit.
1038 4151 1184 4223 ‘profitere'
1203 4153 1248 4211 in.
