3017 4759
309 244 382 322 400
644 249 869 318 ulemadar
898 249 1128 316 GREGORAE

310 413 543 496 α’ποβλύζοντας
565 419 620 499 τῆς
642 417 815 496 θρησκείας
846 408 981 498 ῥύακας,
1011 417 1066 476 καί
1089 407 1257 494 Πρώτεως
1280 407 1434 491 κη’μερον

191 517 443 583 ί.162τ.δει“σθαί
459 539 566 593 τινος,
590 515 798 580 ἀλλοιοῦσθαι
831 516 1011 593 δυναμένου
1044 509 1147 594 σύχνό
1170 509 1252 594 πρός
1276 508 1321 573 τό
1349 507 1434 572 διό-

311 642 396 702 φορα
417 620 479 681 τῶν
499 615 693 697 ὁμιλούντων
711 608 776 700 ἤθη
798 618 854 678 καί
875 610 944 695 ἅμα
964 613 1021 690 τός
1035 636 1068 678 τε
1090 611 1223 695 γνώσεις
1243 615 1307 674 κατ’
1329 613 1434 692 διχο-

309 708 489 791 στατσύσας
510 715 647 798 γνώμας.

245 833 298 886 89
410 813 473 881 Διό
497 815 536 898 δὴ
560 820 663 878 ταῦτα
687 815 741 878 καί
761 814 799 878 τό
823 817 952 882 τοιαῦτα
981 817 1117 896 βαθείας
1138 814 1228 894 σιγῆς
1248 809 1454 874 οἷνθεῖλκονδ

312 915 426 1002 ἔρωτες
442 914 475 981 τό
498 921 552 1000 τῆς
575 920 652 998 ἐμῆς
672 919 781 998 ψυχῆς
804 914 1015 997 λογιζόμενον,
1042 914 1098 977 καί
1118 910 1284 986 τοιούτους
1310 907 1355 994 δη’
1381 936 1432 974 τι-

311 1043 368 1094 νας
393 1023 426 1084 ἐν
447 1017 574 1105 ἐμαυτῷ
597 1017 669 1091 τούς
691 1015 861 1098 λογισμούς
881 1013 1032 1097 ε’ξὴσκσυν
1052 1012 1124 1096 ἐγώ,
1146 1009 1262 1088 δεδιώς
1284 1011 1334 1094 μὴ
1359 1011 1433 1093 μα’-

309 1145 364 1203 την
386 1121 520 1205 αόρίστιρ
542 1142 575 1182 τε
597 1121 651 1180 καί
667 1117 795 1204 α’στότρι
827 1121 972 1204 στοιχείῳ
994 1121 1037 1203 τῷ
1062 1117 1133 1197 α’ίρι
1158 1112 1241 1192 δόξω
1261 1116 1432 1192 δανειζειν

312 1220 421 1302 λόγους
454 1220 570 1283 αύτίκα
600 1217 688 1298 μάλα
722 1221 971 1300 λυθησομένους.
1032 1219 1104 1280 ε’πεί
1135 1216 1170 1280 δὲ
1209 1207 1432 1295 πανταχόθεν

311 1320 397 1402 ἡμᾶς
419 1324 619 1404 περιθέοντες
641 1320 698 1381 νύν
728 1314 758 1381 οἱ
788 1319 844 1399 τῆς
865 1317 1028 1397 εδσεβείας
1058 1314 1234 1398 α’γοινισταί
1255 1314 1316 1378 καί
1337 1330 1466 1398 arpo-td

313 1425 374 1504 δρα
395 1424 449 1504 τῆς
471 1423 603 1496 πίστεως
625 1419 829 1502 ἀντεχόμενοι
845 1422 1075 1501 πιθανωτέροις
1087 1417 1288 1504 χρησόμενοι
1315 1416 1431 1503 λόγοις

314 1517 462 1604 ε’κθύμαις
488 1547 521 1587 τε
544 1524 670 1602 α’ξιοόσι
694 1520 748 1584 καί
769 1522 905 1605 α’νόγκην
933 1525 974 1608 τῇ
996 1517 1124 1600 α’ξιώσει
1158 1520 1316 1602 ἐπάγουσι
1341 1545 1430 1584 παν-

311 1623 452 1708 τοδαπην
476 1649 545 1687 τινα
577 1627 631 1688 καί
660 1621 740 1687 πολύ
776 1623 810 1686 τό
844 1620 1002 1706 διόπυροτ
1023 1624 1232 1707 κεκτημένην,
1254 1620 1314 1684 κατ’
1337 1619 1428 1703 α’ρός

312 1725 662 1806 προσεπιδαψιλεύουσι
684 1727 723 1810 τῇ
744 1720 859 1808 όνόγκῃ
879 1720 924 1805 μὴ
941 1726 1097 1805 περιιδεῖν
1114 1725 1429 1806 α’ναμοχλευομένην

313 1824 370 1907 τὴν
393 1821 559 1906 ἀληθειαν,
582 1822 824 1897 κινδυνεύοντας
855 1826 891 1886 δὲ
912 1824 988 1900 τούς
1012 1821 1162 1904 πολλούς,
1192 1819 1266 1895 τούς
1289 1825 1355 1901 μὲν
1381 1821 1464 1894 εῖς15

315 1923 354 1990 τό
379 1923 497 2006 ἔσχατα
515 1927 570 2008 τῆς
592 1928 742 2009 κακίστης
764 1927 827 1988 τών
850 1928 1076 1989 Μασαλιανών
1104 1929 1307 2007 περιπίπτειν
1329 1919 1429 2007 αἶρέ-

314 2049 403 2108 neme,
427 2024 500 2100 τούς
522 2029 550 2089 δ’
573 2029 617 2101 εἷς
641 2023 682 2090 τό
711 2030 773 2090 τών
795 2028 984 2091 ιίκττστιιών
1006 2050 1040 2089 τε
1062 2029 1117 2089 καί
1138 2026 1428 2110 α’νθρωπομορφι-

311 2129 377 2194 τών
398 2127 563 2210 βάραθρα,
584 2125 659 2202 τούς
681 2129 711 2189 δ’
731 2130 777 2202 εἰς
798 2128 988 2202 α’λλοκότους
1016 2126 1072 2190 καί
1091 2127 1278 2211 τερατώδεις
1303 2121 1428 2200 ἄλλους

315 2222 557 2311 κρημνούς,καί
578 2221 663 2292 όκτον
691 2227 842 2310 ε’ξόγομαι
875 2231 977 2308 λέγειν
1009 2226 1030 2290 ό
1059 2227 1102 2310 μη
1127 2225 1342 2313 προῄρημαι,
1368 2225 1426 2307 την

315 2331 369 2393 τού
390 2329 573 2413 κρύψαντας
595 2328 629 2394 τό
652 2331 754 2411 δώρου
776 2331 851 2392 καθ’
872 2326 980 2409 ἕτερον
1007 2330 1124 2410 τρόπον
1146 2326 1258 2401 δεδιώς
1282 2331 1462 2391 euvodi-2⁰

316 2455 372 2511 κην
395 2433 525 2510 ἐκείνου,
547 2425 599 2494 ότε
622 2430 829 2511 στενοχωρῶν
849 2426 904 2490 καί
925 2430 1045 2492 α’δικών
1066 2428 1098 2494 τό
1124 2434 1187 2492 τών
1210 2425 1315 2510 λόγων
1336 2454 1426 2511 χρη-

317 2527 390 2593 στόν
414 2531 455 2591 ου’
472 2531 558 2611 μάλα
582 2523 689 2610 όκιον,
711 2529 832 2592 πλείοσι
856 2531 1030 2614 φαίνεσθαι
1049 2527 1190 2615 χρηστόν
1211 2527 1426 2614 α’φαιρούμε-

317 2653 367 2706 νος
385 2627 439 2694 διό
461 2633 518 2712 τῆς
539 2634 639 2714 σιγῆς.
692 2635 833 2714 τρέποιτο
857 2633 888 2693 δ’
910 2632 955 2705 εἰς
976 2629 1033 2706 τός
1056 2634 1118 2696 τών
1137 2632 1249 2696 αι’τίτον
1272 2630 1426 2717 κεφαλός

318 2914 401 2970 liceat
418 2915 498 2968 hodie
517 2916 550 2968 de
568 2913 666 2968 Proteo
686 2917 732 2986 qui
751 2915 846 2969 crehro
865 2917 961 2968 mutari
976 2924 1067 2984 potest
1084 2915 1111 2968 in
1129 2916 1220 2968 varios
1241 2931 1275 2967 ac
1294 2916 1423 2972 diversos

317 2989 453 3041 homiuum
473 2990 574 3040 animos
594 3003 738 3056 eorumque
760 2987 969 3056 intelligentiam
990 2997 1018 3040 et
1035 2988 1194 3041 dissidentes
1212 2989 1284 3040 iuter
1304 3005 1337 3042 se
1356 3006 1423 3042 seu.

316 3062 424 3112 tentius.

418 3157 530 3225 Propter
548 3159 616 3211 haec
634 3168 661 3211 et
680 3159 778 3212 similia
794 3159 842 3211 alti
862 3158 964 3209 silentii
984 3173 1056 3210 amor
1074 3159 1189 3210 animum
1209 3171 1298 3207 mcum
1312 3158 1423 3210 tenebat

321 3239 348 3284 et
365 3230 433 3282 tales
456 3230 513 3282 iere
532 3232 601 3297 apud
618 3247 659 3282 mc
677 3232 823 3284 sententias
838 3230 1012 3282 conformavi.
1031 3230 1154 3282 timebam
1174 3230 1245 3280 enim
1264 3243 1300 3279 ue
1319 3236 1421 3280 temere

321 3304 349 3353 in
368 3316 457 3352 aerem
478 3299 637 3353 elementum
655 3303 786 3354 inlinitum
805 3311 832 3354 et
849 3303 929 3352 inane
948 3302 1108 3368 proiicerem
1130 3301 1267 3352 orationes
1284 3301 1378 3352 statim
1395 3302 1420 3351 iu

321 3371 434 3426 nihilum
464 3371 591 3426 abituras.
628 3373 841 3442 quandoquidem
874 3381 961 3424 autem
987 3372 1104 3440 undique
1136 3386 1187 3423 nos
1215 3372 1421 3423 circumstantes

322 3460 393 3496 nuuc
412 3445 518 3510 pietatis
538 3447 659 3498 vindices
684 3454 712 3496 et
734 3445 905 3497 tenacissime
936 3444 1015 3496 iidem
1039 3444 1233 3511 amplectentes
1257 3443 1420 3494 firmioribus

321 3517 360 3567 uti
381 3517 543 3583 argumentis
563 3533 610 3584 par
629 3531 690 3568 esse
708 3524 803 3583 putant
827 3525 854 3567 et
882 3517 1071 3567 necessitatem
1088 3515 1315 3583 argumentationi
1335 3515 1420 3566 addu.

322 3597 385 3640 cunt
405 3587 522 3655 undique
541 3589 666 3641 collatam
686 3596 712 3638 et
730 3586 840 3639 muitum
865 3586 971 3638 roboris
995 3586 1136 3639 habentem
1167 3594 1195 3636 et
1213 3593 1278 3638 sota
1295 3587 1420 3638 necessi.

320 3661 368 3712 tati
388 3659 516 3711 adiiciunt
542 3676 577 3710 ne
598 3658 766 3727 negligamus
788 3659 910 3711 veritatis
928 3659 1079 3710 cernendae
1094 3657 1208 3710 studium
1227 3665 1255 3707 et
1270 3658 1420 3723 periculum

321 3748 336 3782 a
357 3731 494 3798 pterisque
513 3731 683 3783 defendamus
712 3746 747 3781 ue
772 3730 820 3782 alii
838 3733 866 3781 in
885 3746 1009 3781 summam
1027 3730 1174 3797 nequitiam
1193 3729 1315 3780 incidant
1332 3729 1420 3782 hissa.

319 3802 451 3854 lianorum
471 3801 590 3854 haeretis
609 3802 655 3854 aiii
674 3803 702 3852 in
725 3802 818 3854 foveas
843 3802 1018 3853 actistitarum
1037 3810 1065 3853 ct
1085 3799 1419 3866 anthropomorphitarum,

321 3873 368 3926 alii
387 3874 415 3924 iu
440 3873 492 3924 alia
520 3875 666 3941 pestiferae
700 3881 726 3924 et
751 3880 917 3924 monstrosae
943 3873 1064 3924 haeresis
1090 3872 1259 3940 praecipitia,
1279 3872 1309 3922 iit
1327 3879 1358 3922 ut
1375 3871 1419 3923 vel

322 3945 423 3996 invitus
441 3960 523 4012 cogar
538 3945 629 3996 dicere
650 3960 718 4013 quac
736 3953 815 3996 antea
832 3944 896 3995 mihi
915 3960 969 3996 non
989 3945 1127 4010 proposui,
1147 3945 1249 3995 veritus
1268 3943 1325 3994 alio
1343 3943 1420 3992 modo

230 4071 233 4078 ,
321 4031 434 4084 poenam
454 4018 522 4080 eius,
538 4017 583 4082 qui
594 4017 690 4069 donum
703 4014 812 4079 celarit,
827 4024 921 4082 utpote
934 4025 1073 4068 coarctans
1082 4025 1163 4084 atque
1180 4015 1280 4066 iniuria
1297 4013 1421 4066 afficiens

321 4088 404 4142 honos
423 4087 541 4138 rationes
559 4100 613 4141 uon
633 4089 743 4152 inritus,
763 4089 911 4152 impediens
929 4087 1039 4140 silentio
1053 4103 1123 4151 meo,
1143 4103 1179 4138 ue
1197 4086 1321 4152 pluribus
1335 4101 1421 4152 apps-

321 4168 395 4214 reret
413 4159 520 4212 bouum.
557 4161 718 4226 vituperium
744 4167 833 4211 autern
860 4175 889 4212 se
914 4169 1002 4212 vertat
1027 4160 1055 4212 iu
1082 4160 1169 4227 capita
1188 4165 1348 4221 auctorum,
1376 4157 1421 4226 qui
