3017 4759
274 150 324 227 θθ
576 162 801 229 diffluunt
831 164 1063 231 GRFBOME

275 320 332 383 θεν
355 318 542 403 εδμίακυμεν
569 323 687 404 ἐκεῖσε,
710 319 872 407 μὴμόνον
901 328 964 388 τῶν
985 326 1146 408 δημοσίαν
1166 320 1374 408 πραγμάτων,

276 414 326 485 ὅτι
348 417 392 502 μη
414 424 519 508 sotici
537 444 571 503 ys
593 422 695 505 δησον
727 425 868 505 μάλιστα
892 428 948 510 τῆς
973 426 1128 507 εὐσεβοῦς
1147 428 1310 510 ἐκκλησίας
1331 422 1373 491 τά

254 516 487 603 ιἐλισθηματα.
531 517 550 607 ἢ
574 520 636 604 γάρ
658 524 727 587 ἐκεῖ
746 526 803 609 την
823 528 944 607 γίνεσιν
965 523 1050 609 ἴσχει
1073 525 1112 590 τά
1133 530 1246 609 χείρω,
1266 527 1374 591 κάκεῖ-

275 625 332 685 θεν
352 618 398 697 ιδς
417 618 471 685 inc*
489 626 630 705 νιρανιῦς
650 622 838 709 tarentasia
853 630 996 712 πονηράν
1020 630 1052 701 ἐς
1072 624 1112 691 τά
1133 622 1276 707 μάλιστα
1288 652 1375 708 αρα-

272 724 402 804 μμάτονν
422 723 477 789 καί
506 722 564 801 τάς
586 717 684 800 άλλας
715 726 836 816 ῥηιδίως
867 729 1064 812 ἐμπίμπλησι
1091 730 1219 803 πόλεις·
1268 724 1289 811 η’
1319 724 1375 793 καί
1382 738 1401 790 5

274 815 409 889 άλλοθέν
443 825 542 890 τίοθεν
569 829 712 908 ονιοοδιάς
741 829 1025 912 ἐσεισκοιμάσαντα
1053 829 1110 911 την
1141 831 1233 912 πῆξιν
1259 826 1375 893 αδτάθε

272 927 495 1011 μονιμωτέραν
526 924 682 1009 λαμβάνει
703 934 760 993 καί
781 928 934 1016 δημόσιον
954 928 1011 995 τὸν
1039 928 1271 1013 χρηματισμὸν
1291 933 1374 994 ἐντι·

273 1025 413 1107 δείκνυσι
440 1032 496 1110 τῆς
527 1025 649 1103 κακάις.
703 1032 753 1093 διό
776 1054 834 1111 μοι
863 1029 1044 1110 θαυμάζειν
1064 1033 1242 1115 περίεστιν,
1267 1032 1323 1093 osia
1344 1033 1375 1095 εἰ

126 1192 127 1197 ,
240 1150 261 1203 2
273 1128 380 1209 μέγονέ
401 1151 432 1190 τι
453 1129 633 1212 παράλογον
651 1184 660 1214 ,
690 1131 760 1195 ἀλλ’
782 1134 814 1197 εί
832 1128 878 1213 μη
900 1133 963 1195 πάν
984 1133 1052 1195 ἐκεί
1068 1128 1102 1204 τά
1122 1128 1285 1213 γινόμενόν
1304 1135 1372 1195 ἐστι

274 1224 479 1310 acediem-
508 1229 598 1313 ἡμεῖς
620 1233 649 1295 δ’
664 1234 821 1299 ἐνταυθοῖ
832 1229 913 1318 μήτε
927 1229 1062 1316 περισσά
1085 1230 1120 1297 τά
1139 1230 1288 1315 παράπαν
1313 1234 1419 1315 Cap-tt)
1446 1306 1449 1312 ,

194 1398 197 1401 ,
275 1330 399 1403 τοῦντες
419 1333 613 1417 σοφίζεσθαι
630 1326 716 1398 ’κατά
737 1333 851 1418 μετῆν
877 1332 1025 1418 περιττὴν
1048 1332 1103 1397 καί
1124 1326 1273 1414 οὔτεχνον
1291 1330 1374 1396 τεά-

273 1453 331 1514 aspa
349 1432 478 1513 σοφίαν,
498 1428 579 1517 μήθ’
598 1431 736 1509 ὲαυτοάς
756 1440 820 1499 τῶν
833 1438 930 1499 θείειν
940 1438 1060 1515 μάλλον
1073 1436 1217 1498 δικαιοῦν
1231 1437 1372 1515 πατρίων
1428 1427 1440 1446 ’

144 1544 164 1601 d.
180 1546 261 1602 1012.
273 1532 594 1617 διαπληκτιζομένους
606 1536 638 1600 ἐν
650 1537 675 1575 ¹¹
690 1536 867 1615 διαλέξεσιν
881 1530 1008 1617 άμετρα
1019 1537 1074 1599 τὸν
1096 1534 1275 1617 καινότερον
1296 1532 1374 1617 τρό-

271 1654 340 1711 πον,
360 1632 441 1696 άλλά
462 1643 528 1709 τοῖς
549 1639 609 1715 μὲν
632 1630 755 1701 άνωθεν
777 1629 816 1699 εδ
834 1640 1064 1719 γεγραμμένοις
1090 1639 1276 1717 ἐμμένοντες
1296 1633 1373 1717 δάμ-

270 1757 361 1813 μασι,
382 1732 417 1798 τά
443 1736 479 1799 δέ
497 1742 655 1821 σιγηθέντ’
678 1738 857 1815 άναξαίνειν
877 1740 1011 1824 μηδαμῇ
1032 1739 1190 1822 μηδαμῶς
1211 1738 1373 1813 α’ξιυῦντες
1383 1756 1418 1809 15

272 1835 348 1916 μηδ’
369 1834 523 1899 α’ναλάειν
548 1835 691 1921 ἐκαίροις
714 1843 891 1923 πειρᾶσθαι
916 1845 1159 1922 συλλογισμοῖς,
1183 1836 1272 1919 ἡμεῖς
1294 1859 1328 1899 τε
1342 1832 1372 1899 οἶ

273 1933 452 2015 ποιμαίνειν
473 1937 590 2001 ἐνθάδε
614 1940 769 2020 λαχόντες
788 1941 1009 2021 πνευματικῶς
1029 1941 1084 2004 τὸν
1104 1936 1231 2024 μακράν
1259 1933 1375 1999 o‘deu'o-

264 2130 334 2201 dud
357 2135 532 2225 κυβερνήτῃ
557 2139 598 2225 τῷ
629 2139 717 2229 μόνην
736 2136 863 2203 πάντων
885 2142 1068 2226 δημιουργῷ
1096 2142 1151 2203 καί
1169 2141 1251 2227 θεῷ,
1275 2139 1374 2199 isoio-

272 2236 364 2309 θείας
387 2238 421 2300 δέ
442 2241 496 2301 κατ’
518 2238 632 2315 άθιΐας
649 2237 857 2321 Παλαμικάς,
879 2244 1000 2321 μάλλον
1023 2235 1052 2303 δ’
1075 2237 1230 2322 ἐνσάρκου
1253 2239 1419 2308 siccome

272 2337 349 2417 μίας
371 2338 544 2424 άθίτησιν,
566 2339 682 2405 ταδτόν
711 2343 738 2404 d'
761 2341 861 2405 εἰπεῖν
881 2337 1048 2425 ἐκκλησίας
1077 2334 1202 2423 άπάσης
1224 2338 1374 2417 καθάπαξ

274 2435 453 2523 άνατροπην
475 2433 550 2508 ,οὔτ’
571 2438 748 2525 ἐδεξάμεθα
778 2433 853 2506 οὔτε
875 2438 940 2525 μὴν
963 2443 1122 2522 δεξαίμεθ’
1148 2434 1188 2503 άν
1209 2462 1295 2519 ποτε,
1315 2430 1374 2502 κάν

274 2788 375 2837 sortem
394 2780 552 2850 simpliciter
569 2782 760 2850 reprehensam
778 2780 853 2847 voto,
872 2781 921 2834 sed
941 2780 1012 2849 qnod
1030 2780 1109 2832 etiam
1127 2794 1185 2832 cam
1202 2778 1238 2831 ob
1257 2792 1373 2843 causan,

274 2856 297 2907 si
319 2853 614 2922 termenandum,
634 2868 688 2905 non
706 2855 785 2906 modo
804 2852 970 2920 publicarum
988 2867 1077 2903 rerum
1096 2850 1224 2919 plurimas
1234 2850 1374 2903 calamita.

274 2934 315 2978 tes
341 2926 509 2992 reperimus,
538 2926 584 2977 sed
610 2926 726 2976 omnium
743 2926 858 2978 maxima
882 2925 965 2989 ipsius
984 2926 1045 2991 piae
1066 2923 1199 2974 ecclesiae
1218 2922 1372 2974 infortunia.

275 3003 321 3048 aut
342 2998 412 3047 enirn
432 2996 557 3063 Byzantii
576 2988 646 3053 malai
664 2999 812 3065 gignuntur
830 3004 911 3062 atque
933 2995 995 3046 inde
1014 2996 1090 3061 quasi
1113 2996 1141 3045 in
1160 3008 1272 3061 pronum
1292 2992 1373 3044 effla.

277 3069 349 3119 entia
369 3068 608 3120 calamitosissimis
629 3069 710 3120 rebus
730 3069 810 3119 etiam
829 3068 948 3133 reliquas
968 3065 1048 3117 facile
1067 3064 1179 3131 implent
1203 3064 1300 3128 nrbes,
1327 3071 1375 3115 aut

274 3138 383 3190 aliunde
401 3138 516 3207 obscure
536 3148 563 3190 et
581 3140 752 3191 adumbratim
771 3138 847 3191 illata
866 3139 903 3190 ibi
929 3137 1125 3189 fundamentum
1144 3136 1243 3187 firmins
1262 3136 1374 3186 nancis-

232 3209 239 3224 ³
276 3216 372 3260 cuntur
393 3216 420 3259 ct
438 3208 524 3275 palam
543 3209 738 3275 improbitatem
759 3213 834 3279 qnasi
853 3210 953 3261 vividis
974 3208 1110 3260 coloribus
1136 3208 1252 3258 indutam
1278 3213 1373 3257 osten-

274 3282 347 3331 dunt.
387 3294 469 3347 quare
485 3280 550 3344 mihi
578 3280 668 3331 mirari
687 3281 759 3332 subit
782 3295 836 3332 non
860 3282 884 3333 si
908 3280 971 3348 quid
995 3280 1033 3331 ibi
1056 3279 1154 3339 rationi
1179 3277 1374 3329 inconveniens

275 3351 384 3415 incidat,
402 3350 449 3403 sed
468 3352 491 3402 si
509 3365 574 3416 non,
594 3352 854 3421 quidquidgeritnr,
874 3367 890 3402 a
912 3352 1017 3426 ratione
1035 3350 1187 3403 abhorreat.
1214 3363 1265 3400 nos
1283 3355 1373 3399 antem

276 3424 330 3489 hic,
350 3422 395 3491 qui
414 3436 469 3475 non
488 3437 716 3490 supervacaneum
742 3423 806 3492 quid
835 3423 979 3477 secundum
1005 3435 1230 3490 supervacaneam
1254 3420 1322 3472 banc
1347 3425 1374 3469 et

274 3496 446 3548 artificiosum
464 3495 621 3560 sapientiam
643 3497 761 3562 argutari
1119 3512 1124 3527 ¹

470 3595 473 3600 ·
788 3568 835 3619 sed
852 3567 880 3617 in
901 3566 1032 3633 dogmatis
1050 3567 1197 3633 antiquitus
1214 3564 1285 3615 beno
1302 3562 1374 3613 scri.

276 3638 328 3704 ptis
348 3650 550 3704 permaneamus
564 3652 663 3704 neque,
675 3654 743 3706 quae
760 3639 870 3690 silentio
889 3636 1011 3690 involuta
1029 3646 1100 3701 sunt,
1108 3637 1238 3688 refricare
1257 3634 1375 3686 autine.

275 3708 328 3775 ptis
347 3708 605 3777 ratiocinationibus
618 3710 745 3775 expedire
764 3724 901 3773 conemur,
920 3723 981 3770 nos,
1000 3709 1072 3773 dico,
1092 3707 1187 3777 quibus
1210 3708 1254 3759 hic
1279 3713 1375 3773 pasto-

275 3794 331 3831 rum
355 3793 448 3830 munus
467 3778 564 3847 obtigit
582 3781 678 3846 spiritu
696 3780 776 3832 aliter
794 3781 902 3847 longam
919 3782 1001 3832 vitam
1021 3781 1141 3849 degimus
1161 3786 1188 3830 et
1205 3788 1376 3847 gregemno-

275 3858 357 3903 strum
377 3849 543 3915 spiritualem
566 3851 658 3902 eodem
678 3852 756 3902 modo
776 3854 893 3918 regimus
914 3852 963 3903 sub
984 3850 1172 3919 gubernatore,
1186 3846 1377 3919 universitatis

184 3921 189 3929 ’
274 3934 363 3972 rerum
383 3919 442 3971 solo
462 3922 657 3989 opificoatque
676 3922 737 3985 deo,
757 3923 962 3989 polytbeismum
981 3930 1068 3974 autem
1082 3931 1109 3974 et
1126 3921 1282 3973 atbeismum
1294 3916 1377 3969 Paia-

271 4006 342 4059 mae,
361 3994 445 4061 magis
484 4007 548 4046 vero
567 3994 756 4045 extinctionem
774 3994 1094 4060 mysteriiincsrnationis
1113 3994 1156 4045 dei
1175 3993 1220 4046 vet
1231 3989 1378 4060 quodidcm

275 4069 324 4129 est,
343 4064 425 4119 totius
444 4065 577 4139 ccclesiae
611 4064 713 4134 pinnam
734 4067 939 4120 couversionem
957 4081 1010 4117 non
1030 4065 1199 4134 probavimus
1216 4076 1307 4133 neque
1323 4072 1378 4113 na-

564 4162 566 4169 ·
738 4156 747 4182 ί
