3017 4759
268 163 343 236 280
418 234 423 241 ,
572 160 797 229 timont
827 156 1059 227 auteonda

265 349 360 402 στοος
378 294 483 408 άάπερ
505 320 594 389 ἰδίαν
616 322 683 390 τινά
702 322 737 385 τὸ
769 319 843 396 θεὸς
863 314 944 384 εἶναι
966 323 1064 403 λέγεις
1096 310 1196 399 ὄνομα
1217 312 1376 385 άκτιστον

265 430 321 492 καί
339 423 474 508 θεάτητα
496 424 575 508 πρὸς
596 423 773 509 διαφόρους
796 423 951 506 θεότητος
971 408 1177 505 μεριζόμενον
1199 414 1372 502 ἀπειράκις

263 528 403 611 άπείρως
439 525 666 607 ὑπερκειμένας
705 522 761 587 καί
790 522 976 608 δρωμένας,
1013 515 1120 603 άίσπερ
1154 517 1190 584 τά
1222 520 1367 585 καθόλου

265 631 346 708 ζῶον
361 630 406 701 εἰς
423 626 562 711 διάφορα
575 625 630 709 την
647 624 746 709 φάσιν
766 622 845 710 εὶδη,
868 621 975 707 λογικά
990 648 1023 687 τε
1046 621 1100 687 καί
1114 616 1223 705 άλογιι,
1246 617 1370 705 ἔνοδρά

182 811 184 816 Ι
205 768 210 813 ;
261 756 295 798 τε
316 729 371 794 καί
392 722 527 810 άνοδρα,
545 725 683 810 χερσαῖά
696 750 727 792 τε
741 730 797 791 καί
810 726 951 809 αἰθέρια,
973 724 1028 788 σάν
1043 722 1136 797 εΐδεάς
1158 718 1201 788 ὅτι
1219 723 1253 787 τά
1277 728 1401 802 θεῖον5

263 830 386 895 άπλοῦν
406 822 443 892 άν
469 831 524 892 καί
543 822 713 915 α’σοάματον
734 827 851 907 άμερὲς
874 828 907 904 ἐξ
931 825 1068 907 άνάγκης
1098 826 1183 905 ἐστί,
1213 828 1268 887 καί
1290 824 1370 886 οάδὲ

263 928 364 996 πολλά
378 927 529 1012 μογήσας
549 952 597 1002 τις
620 930 723 1005 δείξαι
746 929 899 1011 δυνηθείη
918 917 957 989 άν
980 916 1046 989 οὔτ’
1070 927 1115 998 εἰς
1134 922 1169 989 τά
1193 926 1370 1011 ὑφειμένον

264 1022 334 1096 οὔτ’
354 1032 401 1105 εἷς
421 1029 456 1094 τά
472 1027 692 1113 ὑπερκείμενον
712 1027 919 1113 μεριζομὲνην
939 1025 994 1111 την
1014 1025 1113 1109 μάνην
1134 1029 1253 1109 ἐκείνην
1275 1018 1371 1088 άκτι-

261 1154 338 1198 ,στον
359 1136 415 1196 καί
434 1126 533 1217 πάντη
555 1130 727 1209 άμέριστον
750 1131 864 1192 ου’σίαν
885 1151 917 1193 τε
951 1125 1005 1191 καί
1025 1124 1186 1210 θεάτητσ·
1228 1120 1250 1208 ἢ
1274 1125 1308 1189 τά
1329 1148 1369 1207 γε

267 1232 442 1315 δεύτερον,
462 1232 587 1295 πολλῶν
608 1228 671 1293 sind
694 1233 755 1295 σοά
785 1231 1003 1310 δοξαζομένων
1030 1230 1185 1293 άκτιλντων
1205 1228 1289 1291 θεῶν
1311 1224 1370 1289 καί
1382 1244 1419 1297 10

265 1332 446 1419 θεοτὴτων,
468 1334 524 1397 ἕνα
547 1335 608 1397 τοῖν
632 1332 755 1395 πολλῶν
777 1326 859 1395 εἶναι
888 1331 987 1413 λέγεις
1020 1330 1076 1393 καί
1097 1328 1152 1392 τὸν
1176 1328 1250 1412 ἡμῖν
1272 1329 1371 1405 δοξα-

269 1430 400 1513 ζάμενον
430 1427 561 1517 ποιητην
592 1434 650 1495 τοῦ
682 1430 807 1506 παντός.
859 1433 913 1495 καί
946 1426 1032 1494 ἔστιν
1059 1431 1181 1515 άμφοῖν
1201 1428 1369 1509 οὐδέτερον

267 1534 414 1615 α’σεβείας
439 1527 618 1616 ὑπερβολὴν
640 1540 846 1615 παρολείπον.

198 1647 252 1702 Π
370 1634 481 1717 Τρίτον
495 1636 530 1698 δὲ
551 1631 599 1699 ὅτι
621 1632 676 1697 καί
694 1630 751 1707 τάς
773 1628 1075 1709 θείαςάποστάσεις
1097 1632 1267 1705 άνουσιόος
1287 1622 1369 1693 εἶναι

272 1733 412 1814 δοξάζων
432 1730 545 1814 ἑάλως,
566 1730 672 1818 εδσπερ
697 1737 752 1797 καί
775 1732 923 1809 πολλάκις
952 1726 1012 1819 ἤδη
1035 1734 1198 1817 πρότερον,
1219 1730 1261 1805 ὥς
1282 1732 1371 1812 γίνε-
1382 1743 1416 1798 15

265 1838 349 1901 utini
365 1859 415 1900 σοι
447 1832 509 1910 τάς
535 1832 725 1910 ὑποστάσεις
755 1833 1005 1909 ἀνυποστάτους.
1066 1832 1102 1897 τὸ
1128 1831 1188 1915 γάρ
1220 1831 1370 1895 άνοάσιον

266 1934 497 2003 άνοπὸστατον·
540 1934 595 1999 καί
617 1934 726 1999 λοιπάν
749 1931 793 2009 uic
825 1928 900 1999 ὅταν
929 1938 985 1999 καί
1012 1933 1069 2011 τάς
1096 1916 1264 2005 σ’νοοσίοος
1287 1934 1370 1994 ἑκεί-

266 2062 323 2112 νας
357 2037 508 2122 θεότητος
540 2040 585 2112 εἰς
623 2028 753 2121 άπειρον
786 2034 926 2119 σ’ριθμὸν
957 2035 1120 2121 araeded»
1156 2037 1371 2119 παραπέμπης

266 2138 436 2218 άκτίστων,
474 2139 667 2214 ὑποστάσεις
703 2132 784 2201 εἶναι
817 2140 872 2202 καί
899 2139 1020 2212 ταύτας
1056 2134 1215 2215 δοξάζεις·
1268 2138 1322 2199 καί
1353 2127 1371 2196 ὃ

266 2240 416 2315 πολλάκις
436 2237 539 2317 ἑάλως
560 2240 712 2327 γράφων,
747 2238 792 2323 μη“
816 2236 1066 2323 τρεσοπάστατον
1087 2233 1171 2302 εἶναι
1192 2235 1289 2319 μόνον
1313 2232 1415 2318 edsio

264 2344 360 2407 θείαν
393 2339 490 2427 φάσιν
511 2340 593 2405 άλλά
614 2338 669 2406 καί
689 2340 971 2423 πολοοπάστατον,
991 2343 1085 2404 τοῦτο
1116 2339 1282 2407 κάνταῦθα
1314 2358 1369 2401 τε-

186 1834 202 1859 0

178 2716 181 2719 ,
267 2670 381 2723 deitates
398 2668 532 2720 increatas
562 2676 686 2735 tanquam
715 2682 800 2735 genus
827 2668 956 2737 quoddam
975 2668 1114 2720 contendis
1141 2668 1218 2719 deum
1238 2682 1298 2720 esse
1316 2681 1368 2718 ne.

212 2774 213 2778 =
267 2755 329 2793 meu
350 2740 498 2791 increatum
519 2746 546 2791 et
563 2739 747 2804 divinitatem,
768 2739 882 2793 divisum
901 2740 1053 2792 sexcenties
1080 2740 1108 2790 iu
1128 2739 1247 2792 diverses
1267 2738 1368 2789 divini.

268 2818 336 2874 tates
354 2811 491 2878 impositas
514 2816 541 2861 et
555 2808 718 2874 submissas,
746 2810 822 2861 velut
851 2810 947 2863 animal
973 2808 1001 2862 in
1028 2812 1182 2862 universum
1202 2810 1368 2861 indiversus

268 2882 339 2951 quod
357 2882 389 2932 ud
402 2889 521 2933 naturam
541 2882 636 2933 attinet
654 2882 771 2947 speeies,
786 2882 912 2935 animalia
929 2883 1053 2935 nimirum
1074 2883 1180 2934 ratione
1204 2882 1324 2947 praedita
1341 2886 1368 2931 et

268 2954 405 3017 destituta,
425 2954 452 3003 in
470 2968 538 3021 aqua
560 2953 682 3004 viventia
703 2960 730 3003 et
750 2968 876 3020 aquarum
895 2955 1034 3021 expertia,
1054 2953 1192 3005 terrestria
1215 2960 1240 3003 et
1259 2952 1286 3002 iu
1305 2956 1367 3002 adre

265 3026 406 3078 viventius
425 3024 563 3092 ignorans,
582 3037 679 3074 numen
693 3023 826 3081 divinum,
849 3026 910 3092 quia
929 3023 1043 3091 simplex
1063 3032 1104 3075 est
1123 3031 1150 3074 et
1168 3025 1366 3089 incorporeum,

265 3099 420 3149 necessario
456 3110 516 3146 esse
541 3094 724 3157 individuum,
750 3110 839 3162 neque
866 3096 894 3146 iu
919 3096 1084 3162 suppositum
1102 3109 1191 3161 neque
1210 3095 1237 3145 in
1257 3094 1367 3163 impusi7

266 3174 321 3219 tum
344 3165 428 3217 dividi
449 3164 533 3217 sulam
553 3162 626 3215 illam
647 3165 792 3217 increatam
819 3173 845 3216 et
864 3168 971 3217 omuino
998 3166 1160 3217 individuam
1181 3166 1322 3216 essentiam
1342 3170 1368 3215 et

266 3238 443 3298 divinitatem,
462 3236 572 3286 multum
593 3234 755 3287 elaborando
776 3238 913 3303 quisquam
934 3237 1115 3289 demonstrare
1144 3236 1246 3302 possit:
1266 3242 1321 3297 aut,
1341 3234 1366 3284 id

266 3308 337 3376 quud
358 3306 469 3357 alterum
504 3313 560 3366 est,
592 3321 651 3355 eum
688 3306 786 3358 multus
814 3307 908 3360 credas
937 3308 1070 3360 increatus
1100 3306 1163 3360 deos
1193 3314 1220 3357 et
1244 3306 1366 3368 deitates,

266 3393 347 3430 uuum
376 3392 410 3427 ex
435 3376 477 3427 his
500 3374 590 3426 multis
622 3392 682 3427 esse
714 3377 854 3429 contendis
882 3380 961 3429 etiam
985 3377 1079 3442 illum,
1101 3379 1147 3446 qui
1174 3376 1252 3429 nobis
1278 3376 1366 3427 credi.

257 3456 310 3501 tur
328 3448 416 3499 muudi
435 3446 557 3497 universi
583 3455 703 3511 creator,
724 3463 836 3516 quorum
855 3457 978 3502 neutrum
1003 3449 1113 3502 multum
1140 3448 1247 3499 abestu
1268 3462 1366 3499 summa

268 3520 415 3586 impietate.

369 3615 457 3667 Tertio
481 3612 542 3667 lucu
562 3613 746 3681 deprehensus
767 3631 795 3666 es
815 3616 927 3683 opinans
946 3616 1106 3669 substantias
1127 3616 1232 3669 divinas
1253 3617 1367 3667 essentia

270 3700 375 3750 carere,
396 3694 425 3737 ut
443 3687 522 3738 etiam
541 3700 736 3751 saepenumero
763 3687 814 3737 iam
843 3696 935 3754 autea,
961 3688 997 3740 ita
1024 3696 1052 3740 ut
1071 3687 1236 3740 substantiae
1255 3686 1303 3737 tibi
1324 3686 1367 3736 vi.

271 3758 382 3809 deantur
404 3772 459 3809 uun
484 3756 615 3808 substare.
659 3758 728 3824 quod
759 3758 829 3808 enim
851 3759 966 3810 essentia
995 3768 1087 3822 caret,
1105 3758 1271 3809 substantiae
1291 3758 1367 3807 etiam

275 3834 316 3878 est
337 3842 444 3893 expers,
465 3834 492 3879 et
509 3829 639 3895 sequitur,
659 3835 697 3892 ut,
717 3828 740 3878 si
761 3828 823 3881 ilias
837 3844 944 3897 queque
963 3830 1117 3882 divinitates
1136 3828 1254 3879 essentia
1273 3843 1367 3877 caren-

275 3905 317 3950 tes
338 3897 366 3949 iu
384 3912 524 3948 numerum
543 3899 673 3951 infinitum
692 3899 858 3951 divinitatum
881 3902 1058 3953 increatarum
1076 3900 1189 3961 dividas,
1209 3899 1368 3951 substantias

278 3968 372 4021 eodem
389 3967 467 4019 modo
491 3984 551 4021 esse
569 3971 668 4024 divisas
688 3970 825 4038 opineris:
845 3979 872 4022 et
890 3972 958 4039 quod
978 3988 1060 4040 saepe
1078 3971 1198 4023 scribens
1217 3968 1368 4037 deprehen.

282 4054 328 4095 aus
347 4056 386 4106 es,
404 4053 458 4093 nou
477 4037 562 4098 sotum
589 4041 668 4093 trium
692 4041 897 4119 snbstantiurum
929 4058 989 4097 esse
1017 4051 1136 4096 naturam
1160 4042 1299 4107 divinam,¹
1324 4038 1369 4119 sed
