3017 4759
211 190 736 333 nrsroamunrzsnum'u
757 222 868 288 xxu.
891 206 1076 292 to-tn.
1175 220 1224 332 ιν

120 391 245 469 ψυχαῖς
265 384 320 451 καί
347 384 456 458 αότοῖς
487 380 626 464 σώμασι.
671 382 762 448 ταῦτ’
789 383 913 449 όκοόων
944 382 1288 472 innodatam-31

123 477 334 571 ριἰιν,’φησι’ν,
357 484 482 564 ἐνόμιζε
504 487 658 565 δέχεσθαι
680 483 758 549 κατὰ
780 488 832 568 τῆς
864 489 998 571 καρδίας
1018 482 1148 571 πληγην,
1171 469 1227 550 καί

121 589 334 670 μεμελέτηκεν
355 586 423 649 α’ντ’
448 579 547 649 ἄλλον
571 585 755 670 φαρμάκου,
777 586 828 650 τόν
846 610 878 651 τε
896 586 1140 668 Ἀλεξανδρείας
1162 610 1226 650 πα-

122 689 279 770 τριοόρχην
306 690 361 749 καί
383 679 452 765 ἅμα
474 684 530 749 τόν
554 688 610 770 τῆς
627 686 822 768 Ἀντιοχείας
837 689 952 771 δωροις
974 689 1151 768 περιελθών
1172 687 1228 752 καί

94 781 304 874 5πόρρωθεν,
333 776 570 873 ἐνδημὴσαντας
607 791 730 852 πείθειν
769 790 928 852 ἐνταυθοῖ
954 792 1133 851 συνθέσθαι
1161 796 1226 864 τοῖς

122 880 204 962 νίσὶς
224 890 279 951 καί
296 889 494 970 παρανόμοις
509 887 627 971 νόμοις,
649 887 704 952 καί
720 884 970 972 όπογρόψαντας
985 880 1066 952 εἶναι
1083 885 1139 951 καί
1164 890 1225 952 αό-

122 989 197 1065 τοός
222 993 280 1053 τοό
307 992 421 1053 λοιποῦ
441 1013 475 1071 γε
507 986 707 1075 ὁμόφρονας,
739 992 772 1063 ἐς
798 986 832 1053 τό
857 991 920 1053 τοόν
949 990 1076 1073 τρόπων
1097 991 1225 1053 ἐκείνων

121 1086 248 1153 α’πιδιδν
269 1093 325 1152 καί
344 1088 511 1173 θαρρήσας
534 1088 656 1154 ἁπλοῦν
681 1091 736 1154 καί
754 1088 788 1153 τὸ
809 1091 872 1152 τῶν
886 1092 1053 1173 γραφικιόν
1072 1089 1224 1170 μεθόδων

122 1191 293 1271 α’ποίκιλόν,
317 1192 372 1255 καί
392 1189 564 1274 καθολικην
587 1194 729 1255 ἐνταῦθα
751 1189 787 1254 τό
809 1189 941 1275 μερικόν
962 1194 1062 1255 ε’κείνο
1085 1195 1141 1255 καί
1163 1197 1222 1278 λῃ-

77 1295 113 1349 10
122 1286 251 1374 στρικόν
273 1289 441 1372 ὀνομάζειν
458 1288 543 1372 ἔχειν
557 1284 617 1374 ἤδη
637 1289 959 1375 συνέδριονσόνοδον,
981 1294 1037 1357 καί
1059 1288 1146 1359 οότω
1166 1295 1224 1357 τοῦ

81 1389 87 1396 ’
122 1390 235 1453 λοιποό
256 1396 318 1455 τῶν
341 1390 559 1479 ὀνειδιζόντων
583 1388 796 1477 καόαφρονεΐν
820 1392 862 1468 nic
891 1393 1057 1478 όφρόνων,
1084 1396 1140 1458 καί
1157 1419 1223 1477 μη-

123 1492 211 1577 δαμῇ
233 1493 516 1575 καταπλήττεσθαι.
571 1485 653 1555 οίίτω
683 1493 720 1577 τῇ
741 1484 859 1557 ἑαυτοῦ
888 1492 1045 1558 πιστεόων
1076 1491 1225 1559 εόθόνειν

124 1585 250 1656 ἅπαντα
270 1590 394 1673 sudosa,
415 1593 614 1657 παντάπασιν
639 1586 768 1673 ἆμελῶν
789 1592 906 1677 δρᾶται
930 1598 1078 1676 προνοίας
1099 1598 1189 1658 θεοῦ.

176 1702 180 1711 “
216 1685 302 1777 Ἤδη
326 1695 361 1756 δὲ
377 1688 665 1777 τοῦ,φθινοπω’ρου
688 1695 763 1773 περί
792 1692 851 1770 τός
871 1698 930 1758 τοῦ
950 1692 1127 1778 α’ρκτοόρου
1151 1697 1288 1773 tua-j„

78 1791 217 1869 15τολός
240 1787 419 1877 γενομένου,
439 1791 548 1878 φήμης
570 1788 701 1877 ῥυείσης
730 1790 773 1868 τός
795 1798 962 1860 Βενετικαί
981 1796 1123 1879 τριηρεις
1141 1794 1224 1881 tata
1289 1861 1291 1865 .

123 1891 183 1969 τός
203 1886 314 1958 ἑκατόν
333 1892 387 1959 τόν
407 1894 516 1958 Ἰόνιον
548 1892 791 1977 παραλλάξασαι
816 1894 944 1977 κόλπον,
964 1900 1018 1981 καί
1034 1894 1068 1960 τό
1093 1898 1225 1982 Ἀδρια-

123 1992 211 2058 τικὸν
234 1997 277 2075 ε’ν,
290 1996 377 2082 δεξιᾷ
402 2002 660 2060 καταλελοιπυῖαι
682 2000 832 2081 πέλαγος,
865 1998 923 2073 τοὶς
944 2001 1164 2081 Κερκυραίων
1173 1996 1229 2061 καί

123 2096 316 2159 Ζακυνθίων
339 2094 393 2158 καί
415 2098 682 2181 Πελοποννησίων
703 2102 925 2181 παραπλέουσι
952 2102 1081 2179 πόλεις,
1103 2102 1228 2175 ξενολο-

122 2196 241 2275 μοόοαί
254 2219 288 2259 τε
319 2194 373 2261 καί
400 2198 461 2261 τῶν
491 2198 613 2261 ε’κεῖθεν
644 2198 747 2281 α’κμόην
768 2201 822 2281 τῆς
851 2200 985 2283 ἡλικίας,
1010 2194 1108 2282 ὁπόση
1127 2222 1228 2281 στρα-

73 2296 112 2351 2⁰
121 2294 268 2378 cerlatune
289 2294 347 2383 εἴη,
366 2300 487 2379 μισθοῦ
502 2296 732 2382 στρατεύεσθαι
750 2305 923 2365 πείθουσαι
938 2299 1026 2383 μόλα
1042 2325 1072 2364 τι
1091 2303 1227 2385 βρίθον-

121 2418 176 2469 τος
200 2398 343 2480 (μεγέθει
366 2395 427 2480 pto
453 2390 532 2462 εἶναι
554 2401 704 2488 μεγίστας
734 2399 854 2475 ὲκείνας
877 2401 937 2476 τός
959 2403 1048 2483 ναός,
1068 2404 1124 2465 καί
1146 2406 1227 2485 πλη·

121 2497 270 2603 ριόματος
301 2502 429 2565 δεῖσθαι
463 2500 609 2582 μείζονος
642 2498 663 2586 ἢ
685 2502 877 2587 τριακοσίων
905 2502 1041 2587 ἑκάστην
1063 2502 1227 2587 ἀνδρῶν),

122 2812 229 2865 infinita
247 2812 295 2864 illa
314 2814 446 2866 aestuaria
465 2813 583 2865 immersi
604 2813 760 2881 ingentibus
779 2813 923 2866 animarum
951 2821 978 2866 et
997 2827 1138 2880 corporum
1149 2827 1224 2865 nau.

123 2884 221 2953 fragiis
241 2884 427 2937 obruerentur.
455 2886 525 2953 quod
543 2901 621 2953 quum
636 2887 784 2938 audivisset
796 2886 950 2952 impetatur,
968 2885 1132 2937 mortiferam
1153 2886 1226 2939 cordi

123 2971 174 3008 suo
195 2954 300 3025 plagam
320 2956 446 3024 inilictam
467 2965 538 3009 ratus
558 2972 606 3024 pro
634 2958 727 3025 quavis
742 2957 810 3009 alia
832 2957 964 3008 medicina
982 2955 1180 3008 Alexandrinae
1200 2963 1227 3007 et

122 3028 285 3080 Antiochiae
318 3028 482 3093 patriarchas
507 3035 585 3081 antea
609 3030 661 3081 iam
689 3045 722 3080 ex
748 3030 895 3095 longinquo
925 3027 1000 3078 donis
1029 3028 1225 3079 circumventos

121 3107 232 3167 tumque
251 3099 294 3150 bic
314 3108 507 3152 commorantes
533 3116 566 3152 eo
586 3101 718 3152 adducere
737 3100 855 3164 studuit,
886 3098 1011 3151 utrovis
1032 3106 1059 3149 et
1076 3097 1225 3166 illegitimis

123 3172 203 3222 tomis
223 3170 419 3238 subscriptione
448 3172 601 3239 adstipulati
622 3174 649 3223 in
670 3172 785 3225 futurum
803 3181 893 3223 secum
911 3170 980 3222 idem
999 3164 1226 3237 sentirentfsps.

123 3249 200 3293 ctans
220 3243 318 3310 quippe
338 3243 370 3294 ad
393 3259 495 3295 morum
521 3242 718 3311 simplicitatem
740 3252 767 3295 et
784 3241 910 3294 incallida
928 3243 1116 3311 incomptnque
1134 3256 1225 3293 corum

122 3314 245 3365 doctrina
265 3313 360 3377 fretus,
379 3322 410 3367 nt
429 3315 591 3381 particulare
610 3315 677 3367 illud
696 3324 777 3384 atque
795 3314 993 3380 praedatorium
1012 3313 1155 3365 concilium
1174 3314 1225 3364 iarn

124 3384 285 3437 catholicam
306 3385 434 3451 synodum
454 3388 602 3450 nominare,
622 3386 673 3437 sibi
693 3385 841 3453 opprobria
860 3385 991 3437 facientes
1015 3386 1042 3435 in
1062 3386 1179 3437 futurum
1197 3392 1227 3435 ut

124 3457 232 3508 insanos
252 3466 426 3508 contemnere
445 3473 475 3508 ac
494 3456 570 3508 nullo
594 3465 670 3523 pacto
686 3456 839 3509 conturbari
858 3464 958 3524 posset.
996 3458 1033 3507 ita
1050 3456 1128 3507 nulla
1145 3470 1226 3523 pror.

123 3543 169 3580 sus
188 3528 294 3579 divinae
314 3530 502 3596 providentiae
522 3528 612 3580 babitu
632 3530 736 3579 ratione
755 3543 803 3581 sna
826 3528 910 3595 ipsius
937 3528 1092 3596 cognitione
1110 3527 1226 3579 confisus

123 3601 211 3651 omnia
229 3600 391 3651 moderatur.

222 3697 388 3749 ductumrrns
411 3710 477 3748 vero
506 3713 584 3765 quum
612 3699 664 3749 iam
693 3698 765 3748 circa
784 3704 869 3749 ortum
885 3697 992 3749 Arcturi
1018 3702 1226 3748 esset-rumore

122 3768 264 3832 disperso,
286 3768 403 3820 Venetas
429 3772 551 3821 triremes
579 3768 638 3835 plus
658 3778 765 3820 centum
790 3769 876 3819 sinum
895 3768 998 3819 lonium
1016 3774 1226 3834 praetervectus,

122 3840 191 3889 mari
211 3836 364 3892 Hadriatico
390 3842 483 3893 dextra
505 3839 601 3892 relicto
621 3841 654 3891 ad
683 3840 894 3906 Corcyraeorum
921 3847 947 3891 et
969 3838 1176 3905 Zacynthiorum
1195 3854 1227 3889 ac

122 3909 308 3977 Peloponnesi
327 3911 407 3963 urbes
427 3914 618 3979 adnavigantes
646 3912 746 3965 milites
772 3912 952 3963 mercenarios
972 3919 999 3961 et
1023 3912 1118 3963 aetatis
1137 3910 1226 3972 robur,

122 3982 195 4048 quod
215 3979 379 4035 urma'lerre
399 3990 508 4049 posset,
529 3984 589 4034 inde
611 3984 644 4034 nd
662 3984 828 4035 militandum
846 3984 970 4035 mercede
987 3984 1091 4051 ingenti
1111 3995 1227 4033 evocare

122 4057 224 4121 (naues
244 4055 314 4106 enim
334 4054 400 4106 illae
429 4062 505 4105 erant
522 4056 666 4120 maximae,
695 4064 724 4106 ut
754 4054 879 4123 singulae
899 4071 1010 4108 numero
1029 4055 1131 4105 maiore
1150 4065 1227 4120 quarn

121 4130 295 4182 trecenorum
315 4125 452 4181 bominum
470 4125 647 4197 indigerent),
667 4142 750 4181 naves
768 4125 966 4195 speculatoriae
985 4126 1079 4181 classis
1099 4123 1227 4178 Genuen.
