3017 4759
280 174 502 282 }nsroarne
531 180 791 283 nuzlnmurs
806 218 899 285 xxv.
913 200 960 285 θ.
983 203 1021 284 3.
1155 214 1200 285 ot

102 367 172 457 ἅμα
194 376 254 439 τῶν
289 374 470 456 σ’ρθοδόξοον
502 386 567 451 τοῖς
600 381 755 442 ἐνταυθοῖ
777 374 971 462 πατρισόταις
1004 380 1119 463 ἡδονῆς
1147 381 1203 462 τῆς

97 477 264 559 βελτίστης
288 472 415 559 ἐφόδια,
440 480 509 540 λιάν
531 478 709 563 ἐφιεμένοις
729 474 829 543 ἱέπασι
849 485 968 559 μαθεῖν
990 476 1074 554 ὅπως
1095 479 1205 543 scissi-

100 598 174 649 νους
197 570 215 657 ἦ
240 573 329 660 φήμη
353 578 416 641 τῶν
437 563 499 640 ὧδε
521 583 700 663 συμφορῶν
728 582 783 664 τῆς
812 583 867 645 τοῦ
888 584 968 643 θεσύ
991 583 1135 664 διέθηκεν
1151 583 1204 642 έκ-

100 680 253 757 κληοίας,
283 686 426 761 γραφαῖς
460 675 653 760 τερατιόδεσι
684 681 747 743 ταῖν
779 683 920 744 ἐνταῦθα
945 677 1202 745 δυναστευόντων

73 774 176 862 truria
199 778 348 861 πανταχῇ
380 781 435 861 τῆς
462 781 645 863 οἰκουμένης
679 781 821 863 εύσεβεῖς
845 784 1055 862 ἐπειγομένων
1083 785 1205 861 ε’ξαπα-

72 878 174 965 τόν,
208 878 262 939 κατ’
293 878 556 961 φιλονεικούντων
585 882 641 963 την
671 880 873 964 πανταχόθεν
907 878 1066 965 ἑταιρείαν
1085 906 1120 945 τε
1151 886 1206 945 καί

100 972 271 1056 ὁμολογίαν
293 979 348 1059 τῆς
371 977 521 1062 τοιαύτης
543 984 655 1056 κακίας
678 975 794 1048 οἷόντε
817 968 1019 1064 καρποῦσθαι
1041 983 1203 1065 τρόπαιον.

204 1079 299 1141 Ταῦτ’
329 1080 410 1156 έμού
434 1102 469 1159 γε
490 1078 682 1162 διεξιόντος,
714 1082 886 1164 ύπολαβων
916 1081 931 1144 ό
960 1078 1240 1165 Ἁγαθέγγελος,8

99 1174 173 1256 έμοέ
191 1178 226 1239 δέ
246 1180 377 1258 βέλτιον,
402 1175 514 1265 ἔφησε,
534 1184 691 1264 δέδοκται,
712 1185 786 1247 θεία
801 1206 856 1263 μοι
874 1183 1010 1268 κεφαλή,
1031 1186 1205 1245 τελευταῖν-

56 1273 156 1351 Ιθτός
176 1300 232 1358 μοι
256 1279 348 1340 τούδε
370 1280 427 1341 τού
448 1277 543 1361 λόγου
565 1285 738 1361 διεξελθεῖν
760 1279 860 1360 εύθύς
885 1281 1080 1365 α’πσλαβόντι
1102 1283 1204 1365 χωρίς

100 1379 216 1456 ε’κεῖνα,
224 1376 359 1461 μηδενός
372 1382 429 1441 τού
437 1390 568 1462 συγχεῖν
580 1384 756 1464 δυναμένου
769 1387 879 1470 σφίσιν
891 1381 972 1458 όλως
981 1408 1205 1448 συνυπακουσ-

98 1482 209 1558 μένου,
232 1471 317 1554 ὅπως
333 1485 399 1543 ποτ’
413 1482 466 1543 έπί
480 1484 713 1569 νούν·ει’ληφο’τι
731 1481 895 1549 διεστάναι
911 1486 973 1548 ταῖν
988 1481 1129 1548 καθόλου
1151 1487 1206 1547 καί

98 1582 258 1658 κοσμικιδν
287 1583 397 1653 ολπλαῑς
419 1590 518 1646 ειπεῖν
541 1582 578 1646 τό
611 1588 667 1666 τῆς
695 1586 955 1668 έκκλησιαστικῆς
976 1580 1130 1665 ἱστορίας,
1150 1583 1205 1646 καί

98 1682 185 1744 ἰδίαν
218 1682 277 1757 μὲν
305 1673 385 1743 εἶναι
414 1684 547 1762 ταυτηνί
580 1683 798 1764 πραγματείαν
830 1685 914 1746 ι’δίαν
937 1687 965 1746 δ’
987 1687 1118 1767 εἰιείνην,
1148 1690 1203 1749 κατ’

54 1794 89 1848 15
100 1774 204 1843 ἄλλων
233 1777 386 1865 ἑκατέραν
419 1783 463 1857 σός
494 1782 531 1847 τοὶ
561 1782 661 1849 πολλοὶ
686 1787 741 1846 καί
769 1784 816 1862 ού,
828 1788 890 1848 ταῖν
918 1786 1033 1849 αύτιύν.
1077 1788 1202 1849 insidi

59 1910 61 1917 ’
98 1878 143 1943 σύ
166 1880 299 1943 διπλοῦν
323 1881 395 1943 ἄνθ’
418 1881 522 1946 ἁπλοῦ
548 1880 601 1946 τόν
622 1884 715 1945 πόνον
744 1885 963 1965 ἀναδέχεσθαι
983 1884 1081 1970 εἵλου,
1103 1890 1157 1950 κατ’
1178 1880 1201 1970 οῗ

98 1979 155 2045 τόν
174 1977 269 2043 αύτδν
293 1984 326 2044 έν
345 1976 505 2066 ἑκατέροις
526 1983 700 2065 συμπίπτει
718 1990 864 2066 γίνεσθαι
882 1984 998 2068 χρόνον
1018 1990 1119 2074 βίβλιρ
1140 1990 1201 2074 μιᾷ

97 2084 281 2144 συντιθέναι
304 2104 355 2143 σοι
378 2085 536 2164 δέδοκται,
562 2085 619 2145 ουίι
644 2081 684 2147 δν
704 2080 773 2147 εὗδ’
788 2085 889 2159 αύτός
910 2087 1037 2173 ούδαμῇ
1048 2109 1084 2167 γε
1108 2086 1201 2169 σίινη.

97 2204 195 2260 σαιμι
216 2182 254 2245 τὰ
276 2185 333 2265 τῆς
358 2185 455 2265 αύτῆς
478 2188 512 2248 έν
534 2178 642 2271 ταύτρῖ
663 2184 815 2265 περιόδου
838 2189 986 2263 διεξιέναι
1009 2184 1199 2270 συλλήβδην,

5 2296 6 2299 ’
50 2278 171 2348 solues·
197 2280 251 2344 καί
277 2266 390 2363 τρόπον
419 2283 524 2366 ἕτερον
560 2281 712 2369 πρότερον
743 2282 920 2368 (εἰρήσεται
949 2284 1011 2369 γὰρ
1048 2283 1198 2371 τάληθές)

98 2382 233 2447 ε’δεδίειν
254 2380 342 2462 μάλα
364 2381 462 2461 αύτὸς
483 2389 607 2459 ἐκείνως
630 2386 791 2466 διεξιέναι,
814 2383 870 2450 καί
883 2386 1026 2469 μιγνύων
1046 2393 1111 2460 τοῖς
1133 2407 1201 2448 τοι-

100 2670 324 2740 praestsntiorcm
351 2679 431 2739 atque
461 2673 649 2740 pretiosiorem
679 2673 791 2740 putabas
811 2673 876 2724 mibi
905 2672 1072 2724 extrinsecus
1101 2661 1199 2723 alierre

100 2741 206 2811 posse?
225 2742 295 2809 quod
313 2742 387 2794 aliud
404 2743 600 2810 pulcherrimae
618 2744 765 2811 voluptatis
784 2745 961 2796 adiumentum
985 2743 1085 2795 nostris
1110 2755 1200 2810 popu-

101 2812 204 2866 laribus
223 2812 396 2865 orthodoxam
416 2814 460 2865 bic
478 2816 555 2867 iidem
574 2814 732 2869 tuentibus?
750 2817 796 2885 qui
817 2815 923 2883 quidem
943 2814 1031 2865 cuncti
1050 2813 1200 2865 vehemen-

103 2894 146 2937 ter
165 2885 274 2952 cupiant
292 2886 372 2950 scire,
392 2888 524 2953 quomodo
543 2895 633 2939 tentae
653 2886 821 2950 calamitatis,
842 2893 939 2954 quanta
957 2887 1000 2937 dei
1020 2884 1135 2936 ecclesis
1156 2885 1200 2935 af.

102 2957 176 3009 llicta
195 2964 251 3019 est,
272 2956 340 3007 lama
359 2957 466 3008 illorum
487 2960 575 3010 animi
587 2960 675 3010 adecti
695 2958 795 3009 luerint
820 2974 899 3027 quum
919 2958 1025 3022 scriptis
1044 2956 1201 3006 monstrosis

103 3028 135 3091 ii,
156 3028 274 3095 quitum
295 3028 519 3093 dominabantur,
532 3032 591 3099 pios
611 3030 731 3081 homines
751 3038 809 3080 toto
829 3028 894 3079 orbo
914 3036 1043 3078 terrarum
1071 3027 1098 3077 in
1125 3026 1202 3076 irau-

102 3099 162 3150 dem
188 3098 315 3149 inducere
345 3100 528 3153 anniterentur
555 3102 724 3167 omniumque
751 3102 907 3151 societatem
936 3106 1017 3166 atque
1042 3111 1201 3149 consensum

102 3169 178 3237 quasi
193 3178 330 3235 tropaeum
350 3171 479 3239 quoddam
498 3179 587 3224 tautae
608 3171 786 3239 improbitatis
804 3172 855 3223 sibi
874 3185 968 3237 parare
987 3168 1126 3221 ambitIose
1143 3175 1203 3218 stu.

100 3241 223 3292 δεινοῖν*

203 3326 279 3393 Q'uod
299 3345 377 3398 quum
398 3337 449 3399 ego
477 3331 620 3397 dixissem,
646 3332 847 3401 Agathangelus
872 3346 1021 3383 sermenem
1045 3329 1202 3396 excipiens:

103 3397 196 3465 „mibi,
216 3401 311 3468 iuquit,
331 3401 427 3454 melius
447 3404 532 3455 visum
552 3411 602 3467 est,
623 3418 638 3454 ο
658 3404 778 3456 divinum
800 3404 893 3470 caput!
913 3405 940 3454 in
966 3404 1019 3454 line
1039 3402 1117 3452 huius
1135 3415 1202 3451 nar-

102 3471 216 3521 rationis
234 3471 282 3523 ille
296 3473 412 3524 seorsim
432 3482 595 3540 pertrectare
615 3483 695 3543 atque
716 3476 853 3542 persequi,
861 3473 979 3527 nbinilril
999 3488 1117 3539 prorsus,
1131 3471 1201 3539 quod

103 3556 148 3592 res
168 3542 331 3595 confundere
353 3552 433 3613 atque
455 3546 561 3599 turbare
580 3554 686 3612 posset,
706 3547 912 3598 subaudiendum
927 3554 1015 3607 esset;
1034 3559 1085 3612 que
1096 3544 1202 3611 quidem

103 3615 131 3664 in
151 3627 181 3663 re
201 3615 239 3663 sic
259 3614 315 3666 lere
335 3615 491 3679 statuebam,
511 3616 648 3668 historiam
669 3617 848 3669 universalem
867 3623 895 3667 et
912 3616 1075 3678 secularem,
1089 3622 1119 3664 ut
1136 3613 1202 3663 bre-

104 3685 176 3735 viter
195 3684 288 3749 dicam,
308 3686 416 3737 differre
436 3687 469 3737 ab
491 3687 602 3739 historia
622 3688 806 3739 ecclesiastica
826 3697 853 3739 ct
877 3690 1015 3755 utriusque
1039 3685 1201 3751 descriptio-

102 3770 165 3805 nem
184 3754 347 3821 peculiarem
368 3767 448 3825 atque
466 3768 614 3826 separatam
635 3776 711 3823 esse,
732 3768 870 3826 utramque
896 3761 1017 3811 diversas
1043 3756 1201 3824 plerumque

103 3840 158 3891 res,
177 3842 232 3878 non
253 3828 355 3879 easdem
375 3829 526 3896 complecti.
548 3847 627 3899 quum
645 3838 733 3882 autem
752 3839 781 3881 tn
799 3830 931 3897 duplicem
949 3830 1066 3881 laborem
1077 3842 1125 3893 pro
1136 3829 1201 3878 sim-

103 3895 169 3963 plici
189 3899 217 3950 in
236 3906 263 3949 te
285 3900 422 3966 suscipere
446 3901 567 3954 volueris
586 3911 613 3953 ct
631 3917 699 3969 quae
719 3903 813 3952 eodem
832 3910 952 3968 tempore
970 3902 997 3952 in
1016 3909 1129 3967 utroque
1149 3912 1202 3965 ge.

103 3983 169 4019 nere
189 3970 325 4034 eveniunt,
344 3986 396 4021 una
414 3974 641 4040 comprehendere
660 3975 807 4040 scriptione
827 3973 1007 4035 constitueris,
1025 3987 1060 4023 ne
1080 3984 1131 4037 ego
1139 3970 1202 4035 qui.

104 4039 164 4089 dem
184 4040 241 4091 ullo
260 4050 400 4108 pactores
423 4044 515 4094 eodem
541 4046 669 4111 temporis
694 4048 781 4112 spatio
806 4053 896 4113 gestas
922 4045 1081 4094 coniunctim
1106 4053 1201 4106 perse-

111 4113 155 4178 qui
176 4111 367 4178 dubitaverim,
396 4120 426 4165 ut
451 4116 496 4183 qui
517 4115 570 4167 iam
588 4124 717 4179 anteeut
737 4130 830 4168 verum
848 4114 897 4169 tibi
915 4116 1009 4179 dicam,
1026 4129 1071 4166 res
1089 4112 1140 4162 ists
1157 4122 1203 4159 ru-
