3017 4759
334 239 411 324 ist
638 253 864 324 urcmnom
891 253 1125 323 eunoonm
1159 308 1192 331 ,,
1225 291 1229 295 -
1273 304 1279 308 .

336 419 465 503 πρεπῶς
484 418 518 482 ἐκ
540 420 604 482 τῶν
626 416 776 482 αἰτιατῶν
797 413 1055 503 όπογράφοντα.”
1092 416 1158 505 ‚pai
1179 415 1281 496 πάλιν
1302 414 1466 504 “σκοπη’«

335 517 441 600 σωμεν
464 519 499 582 δὲ
521 519 549 581 εἰ
571 514 617 601 μη
639 519 743 594 καλῶς
764 510 903 603 ἑκατέρην
924 521 987 580 τῶν
1009 517 1183 602 εἰρημένων
1206 493 1353 603 τρῶπων
1377 517 1464 582 κατά

331 617 387 702 τὴν
411 620 504 711 θείαν
522 609 641 703 ἐκείνην
663 621 719 682 τοῦ
743 619 858 703 κυρίου
882 618 1137 704 μεταμόρφωσιν
1154 618 1210 682 καί
1232 623 1361 705 σοφαῖς
1384 623 1462 684 ένο-

251 719 258 730 “
331 721 454 804 πόρχοι
473 717 507 785 τό
529 719 707 802 σι’·μβολον·
766 718 832 784 ἔδει
853 717 915 804 γὰρ
939 718 1042 797 αὐτόν,
1066 725 1142 783 καθ’
1165 719 1250 804 ἡμᾶς
1276 720 1461 806 ἀτρέπτως

333 823 502 905 κτισθῆναι
521 824 562 885 δι’
587 817 721 905 ἄμετρον
752 822 1002 907 φιλανθρωπίαν
1022 818 1299 903 καταδεξάμενον,
1325 816 1479 894 {aurosis

331 922 482 1006 γενέσθαι
512 920 609 986 τόπον
644 921 701 988 καὶ
732 921 910 1004 σύμβολον,
946 921 1004 987 καί
1022 925 1226 1006 παραδεῖξαι
1252 918 1289 999 ἕξ
1322 915 1459 987 ἑαυτοῦ

332 1025 533 1104 συμβολικῶς
564 1015 694 1100 ἑαυτόν,
717 1022 773 1087 καί
792 1026 842 1087 ’δι’
865 1020 963 1088 aizoo
992 1023 1187 1116 φαινομένου
1222 1021 1309 1107 πρὸς
1326 1016 1455 1089 ἑαυτὸν

334 1120 466 1207 άφανῶς
498 1125 597 1209 πάντη
630 1125 847 1208 κρυπτόμενον
864 1126 1109 1209 χειραγωγῆσαι
1136 1122 1193 1207 την
1215 1122 1359 1188 ἅπασαν
1383 1125 1452 1189 κτί-

249 1221 411 1288 ¹Marto?
463 1224 519 1288 καί
553 1223 647 1288 πάλιν
667 1221 760 1290 “ε’πεί
786 1227 868 1309 μηδὲ
886 1229 1071 1310 χωρεῐσθαι
1098 1226 1140 1310 τῇ
1161 1225 1264 1289 κτίσει
1286 1222 1327 1288 τό
1357 1221 1451 1289 ἄκτι-

332 1335 406 1388 στον
428 1324 560 1410 πέφυκε,
580 1327 662 1410 μηδὲ
686 1328 907 1411 περινοεῖσδαι
927 1325 1260 1412 τοῖςπεπερασμένοις
1282 1323 1321 1389 τό
1352 1322 1480 1398 &uss-10

333 1422 415 1510 ρον.”
462 1424 518 1490 καί
547 1425 640 1488 πάλιν
669 1423 744 1510 “sps
776 1427 835 1507 μὲν
867 1424 1084 1512 ἆκτινοφανῶς
1117 1425 1360 1507 έκλάμπουσαν
1392 1429 1449 1490 τοῦ

245 1587 247 1594 ,
330 1524 503 1611 προσώπου
539 1527 710 1612 πανόλβιον
743 1524 864 1613 αἴγλην,
886 1525 929 1604 ῶς
950 1530 1059 1592 πᾶσαν
1088 1525 1272 1613 ὀφθαλμῶν
1295 1531 1446 1593 νικῶσαν

330 1625 505 1712 ἐνέργειαν,
522 1631 591 1712 σῆς
611 1623 691 1713 ῦοέρ
713 1629 788 1692 νοῦν
809 1627 865 1692 καί
886 1620 1039 1713 αἴσθησιν
1061 1629 1115 1692 καί
1137 1627 1249 1692 οῦσίαν
1273 1629 1336 1693 καὶ
1360 1633 1444 1714 γνῶ·

329 1752 381 1791 σιν
401 1728 550 1814 θεότητος
574 1727 670 1793 αὐτοῦ
691 1730 851 1813 σύμβολον
872 1723 956 1794 εἶναι
977 1729 1202 1794 ἐδιδάσκοντο·
1231 1727 1273 1793 τὰ
1297 1730 1339 1794 δὲ
1367 1736 1441 1793 λεο-

329 1817 484 1893 κανθένεο
498 1827 614 1912 -ἱμάτια
634 1833 697 1894 τῶν
719 1827 868 1917 ῥημάτων
885 1833 942 1914 τῆς
963 1829 1056 1915 ἁγίας
1067 1831 1196 1916 γραφῆς
1212 1829 1331 1915 φέρειν
1357 1833 1473 1914 oripi-15

328 1932 423 2012 βολον
446 1928 489 2004 ῶς
510 1934 680 2014 τηνικαῦτα
702 1935 859 2017 λαμπρῶν
881 1932 937 1995 καί
958 1935 1083 2017 τρανῶν
1106 1930 1161 1994 καί
1183 1933 1304 2016 σοφῶν
1325 1931 1440 2009 αὐτοῖς

329 2030 512 2120 γενομένων,
535 2030 590 2094 καί
612 2029 728 2107 παντός
749 2031 933 2118 γριφεόδους
953 2032 1138 2117 αἰνίγματος
1150 2031 1206 2095 καί
1227 2034 1438 2113 συμβολικοῦ

328 2129 523 2212 σκιάσματος
543 2130 648 2216 χωρὶς
668 2133 868 2216 νοουμένων,
889 2133 944 2196 καί
961 2130 1016 2196 τόν
1036 2134 1070 2196 έν
1090 2130 1197 2205 αὐτοῖς
1219 2124 1301 2195 dna
1320 2134 1436 2203 τεκαὶ

328 2231 563 2314 καλυπτόμενον
588 2230 856 2317 παραδηλοῦντων
869 2232 970 2321 λόγον,
993 2231 1129 2316 ὁπηνίκα
1147 2227 1205 2316 τὴν
1223 2231 1356 2296 τελείαν
1381 2233 1436 2297 καί

259 2339 315 2394 u
328 2328 430 2416 δρδην
450 2333 526 2417 περί
548 2335 626 2397 θεοῦ
646 2337 763 2419 γνῶσιν
780 2333 922 2418 stapes?
965 2334 1020 2405 καί
1041 2332 1136 2397 πάλιν
1153 2329 1305 2416 “είρηται
1323 2332 1466 2404 τοίνυννο

328 2429 475 2519 ἀνωτέρω
498 2431 546 2499 ότι
569 2432 623 2500 διὰ
642 2437 701 2518 μὲν
722 2438 779 2520 τῆς
799 2437 967 2521 γενομένης
988 2436 1042 2499 ἐπέ
1056 2436 1112 2499 τοῦ
1124 2430 1222 2520 ῦρους
1242 2435 1303 2496 τοῦ
1326 2457 1432 2518 προσ-

325 2530 414 2599 cinon
442 2536 499 2598 τοῦ
527 2537 640 2620 κυρίου
676 2539 871 2624 φωτοειδοῦς
892 2535 1112 2621 λαμπρότητος
1131 2533 1223 2618 πρὸς
1254 2528 1315 2617 τὴν
1349 2537 1429 2598 πᾶσι

324 2633 466 2698 καθόλου
487 2640 554 2709 τοῖς
586 2629 677 2701 odon
701 2631 840 2722 όληπτον
866 2639 923 2700 τοῦ
950 2638 1030 2700 θεοῦ
1049 2637 1211 2722 μυστικῶς
1233 2633 1264 2698 οἱ
1284 2657 1426 2719 τρισμα-

326 2949 390 3006 satis
409 2951 614 3006 describentem.
653 2961 679 3005 et
697 2968 808 3007 rursuse
825 2954 973 3019 videamus,
993 2968 1056 3006 num
1073 2966 1128 3004 non
1144 2950 1245 3017 optime
1263 2956 1294 3001 ct
1311 2951 1422 3018 sapien..

325 3022 429 3074 tissime
447 3031 584 3095 utramque
604 3023 677 3078 illam
698 3027 828 3078 rationem
848 3026 946 3077 babeat
963 3026 1071 3078 divinae
1089 3023 1188 3076 domini
1202 3021 1419 3090 transfiguratio.

324 3093 367 3146 nis
390 3095 549 3160 symbolum.
585 3112 699 3150 neccsse
721 3099 791 3150 enim
812 3105 869 3149 erat
894 3105 1004 3164 propter
1033 3092 1218 3148 incredibilem
1245 3093 1273 3143 in
1300 3092 1419 3146 homiues

325 3179 443 3216 amorem
463 3166 534 3218 inser
551 3181 600 3222 nos
622 3177 739 3220 creatum
753 3169 824 3220 ¹lieri
845 3169 961 3233 elligiem
989 3166 1180 3232 strumbolum
1201 3172 1311 3215 essese
1333 3179 1368 3216 ex
1390 3181 1418 3216 se

325 3233 474 3302 symbolice
496 3238 637 3290 ostendere
657 3248 684 3290 et
701 3241 734 3292 ad
755 3256 816 3291 sese
836 3242 943 3291 omnino
962 3238 1095 3290 occultum
1116 3252 1164 3304 per
1176 3243 1350 3302 apparentem
1372 3237 1418 3288 ad.

324 3305 422 3360 ducere
441 3315 562 3360 cunctam
582 3318 711 3362 naturam.
751 3319 778 3362 et
797 3326 904 3363 rursusi
923 3325 1001 3378 quum
1021 3325 1109 3376 neque
1128 3307 1289 3362 accessibile
1308 3316 1417 3358 cresto.

322 3389 369 3428 sae
390 3376 536 3429 increatum
568 3379 664 3432 laetum
694 3390 735 3433 est
761 3397 812 3432 nec
837 3381 1080 3448 comprehensibile
1105 3381 1186 3432 linitis
1209 3377 1352 3429 infinitum.
1392 3386 1417 3429 et

322 3461 430 3504 rursus:
449 3463 575 3502 summum
597 3451 677 3502 laciei
696 3452 877 3520 splendorem,
896 3454 976 3504 radiis
996 3452 1144 3518 fulgentem
1164 3457 1192 3502 ei
1213 3456 1337 3515 unquam
1358 3461 1417 3499 orn.

321 3532 382 3572 nem
403 3519 542 3574 oculorum
562 3522 615 3574 vim
635 3533 838 3590 exsuperantem
857 3525 963 3577 deitatis
982 3538 1061 3590 supra
1077 3531 1192 3574 meatem
1218 3527 1245 3570 et
1262 3534 1372 3570 sensuro
1391 3529 1418 3572 et

322 3589 464 3643 essentiam
485 3599 512 3644 et
532 3594 712 3660 cognitionem
733 3595 821 3647 elatee
840 3598 898 3648 eius
916 3595 1064 3662 symbolum
1091 3609 1153 3646 esse
1171 3590 1312 3644 docebant.
1350 3605 1415 3643 can.
1481 3640 1482 3669 η

322 3661 396 3714 didus
417 3671 508 3716 vestes
533 3664 682 3732 symbolice
707 3666 861 3734 siguificare
881 3667 963 3718 verba
982 3681 1075 3717 sacrae
1093 3665 1252 3730 scripturae,
1271 3675 1342 3728 quae
1362 3671 1413 3714 tun

320 3731 437 3786 dilucide
463 3741 491 3786 et
511 3737 653 3804 perspicua
674 3743 701 3786 et
722 3738 858 3790 evidentia
877 3738 1043 3800 liniebant,
1063 3742 1091 3787 el
1108 3738 1167 3786 siue
1185 3733 1346 3800 aeuigmstis
1364 3734 1412 3784 im.

321 3802 468 3869 plicatione
486 3815 515 3856 et
532 3807 697 3874 symbolicae
717 3808 917 3862 adumbratione
928 3807 1158 3875 intelligebantur,
1177 3813 1204 3856 et
1221 3818 1290 3871 quae
1303 3803 1410 3856 rerbnss
1480 3830 1481 3841 ι

321 3873 390 3940 quod
413 3876 483 3927 inter
502 3891 548 3930 eos
571 3879 727 3930 versabatur
744 3879 867 3932 occultus
885 3880 1056 3946 aperiebant,
1082 3878 1128 3929 ubi
1147 3877 1293 3943 perfectam
1320 3881 1350 3925 et
1366 3891 1409 3927 rs-

320 3952 387 3996 ctam
407 3945 440 3996 de
459 3945 509 3998 deo
528 3950 708 4016 cognitionem
729 3951 968 4018 persequebantur.
1006 3958 1033 4001 et
1050 3965 1158 4002 rursusi
1183 3946 1238 3998 dixi
1264 3946 1348 4012 igitur
1364 3963 1409 3998 su.

319 4031 387 4083 pra,
420 4015 563 4082 splendore
592 4020 620 4070 in
637 4027 727 4072 monte
749 4021 783 4072 de
801 4022 900 4074 domini
920 4023 990 4074 lucie
1007 4021 1083 4088 'quasi
1103 4019 1211 4076 luminis
1230 4017 1301 4067 laeto
1322 4016 1407 4069 beatos
1479 4030 1480 4033 ’

319 4088 457 4142 tostoios
476 4089 508 4140 ad
530 4090 651 4142 omnibus
675 4092 804 4143 creaturis
829 4092 1125 4160 incomprehensibilem
1154 4089 1197 4141 dei
1222 4088 1366 4155 potentiam
1384 4095 1408 4138 et

319 4159 431 4226 coriam
451 4157 635 4230 inexplicabili
663 4169 690 4218 et
707 4175 763 4218 non
791 4161 966 4236 insciusibiti
983 4165 1062 4217 modo
1090 4159 1304 4223 adducebantur,
1332 4173 1407 4231 quun
1478 4226 1479 4237 η
