3017 4759
185 348 192 361 .
236 335 241 340 ,
285 237 360 314 aot
426 238 434 257 ‘
596 243 819 314 urmruom
851 235 1080 310 onuooutu

285 406 436 474 ἐναντίων
466 406 587 490 λόγον.”
641 400 721 470 ὥστε
760 405 932 470 πολοθεΐαν
964 397 1195 486 ἀγωνιζόμενος
1234 399 1394 464 σννιστοῖν

285 506 387 584 ἐιέλονς
408 508 463 573 καί
485 508 599 572 α’θεέαν
619 512 739 588 νοσῶν,
760 505 798 570 τὰ
832 510 866 570 ἐκ
888 487 1059 586 διαμέτρου
1083 500 1184 566 κακέ·
1229 500 1285 564 καί
1306 500 1393 563 πέπ-

287 634 366 674 τωκε
389 609 442 674 διὰ
465 612 613 694 βραχέων
634 608 674 672 τὰ
694 611 758 674 ταῖν
779 611 843 672 σοῖν
865 602 1068 692 ἀκροπόλεων
1090 599 1309 686 ὀχυρώματα,
1334 604 1391 685 ἐφ’

288 702 335 785 οἷς
356 712 546 785 ἐπεποίθεις.
590 706 637 775 ἔτι
656 707 722 793 μήν
742 705 852 791 ἐπειδή
874 730 932 792 περ
958 697 1034 770 ἄλλο
1054 706 1119 792 φῂς
1138 697 1222 767 εἶναι
1243 701 1277 767 τέ
1302 699 1391 785 ἔχον,

288 806 365 875 ιῖλλο
386 809 478 875 δὲτὸ
500 806 590 877 ἑκτὸν
625 810 679 875 καί
699 804 995 893 διέφαρον,φαι’ρς
1028 799 1068 869 ἐν
1098 801 1153 868 καί
1176 796 1252 867 ἄλλο
1272 807 1333 882 μὲν
1355 805 1418 882 ἐξ5

289 911 426 995 α’νιλγκης
446 904 528 976 εἶναι
548 909 603 977 τέν
624 911 718 991 θεόν,
742 903 821 974 ἄλλο
840 911 874 974 di
894 906 951 992 τὴν
980 898 1116 988 ὕπαρξιν
1135 905 1235 969 adrat
1247 931 1254 945 ·
1297 908 1394 986 λέγε-

157 1027 339 1086 f.142v‚rnt
356 1012 422 1095 ’γὰρ
451 1011 568 1087 ὄθτὸς
596 1013 652 1076 κατ’
672 1013 786 1076 ον’σίαν
817 1007 903 1093 ἔχειν
930 1004 985 1071 καί
1005 1001 1151 1088 ὕπαρξιν.
1206 1000 1296 1068 ἐσται
1322 998 1392 1087 ὅρα

222 1133 276 1185 n
289 1110 366 1178 κατὰ
390 1111 521 1189 added(
542 1110 742 1197 α’νιὶιταρκτος
761 1115 816 1176 κατ’
837 1106 971 1192 ὕπαρξις
994 1110 1073 1171 θεοῦ
1091 1099 1196 1180 ἄθεος.
1239 1105 1294 1169 καί
1314 1109 1396 1188 περὶ

287 1211 571 1296 τῆξένεργειάς·δ’
593 1212 708 1292 ὁμοίως
730 1215 856 1276 λεκτέον
871 1208 926 1273 κατ’
945 1211 1129 1293 ἐρωτητέον,
1151 1207 1182 1270 εἰ
1203 1205 1222 1289 ἦ
1244 1202 1392 1288 ἐνέργεια

187 1381 193 1393 .
288 1311 356 1399 ἔχει
375 1316 536 1397 ἐνέργειαν
566 1306 674 1397 ἄλλην.
727 1315 759 1378 εἰ
777 1308 837 1395 γάρ
863 1308 942 1392 ἔχει,
966 1308 1023 1374 δύο
1047 1301 1130 1392 ἄρα·
1188 1311 1242 1371 καί
1264 1303 1298 1371 εἴ
1316 1306 1390 1386 δύο,
1406 1318 1437 1371 10

286 1415 429 1500 διάφορα
450 1414 594 1490 πάντας·
626 1408 786 1496 ἄλλογὰρ
810 1413 876 1476 δεῖν
899 1407 978 1476 εἶναι
1000 1408 1079 1496 ἔφης
1101 1412 1156 1473 τοῦ
1176 1411 1328 1490 ἐχομένου
1352 1408 1393 1472 τὸ

288 1511 372 1596 ἔχον.
396 1515 450 1579 καί
467 1516 591 1598 γίνεταί
606 1540 651 1591 τις
668 1503 905 1598 τερατόμορφος
927 1508 1191 1596 ἐνεργοενέργεια.
1235 1509 1265 1572 εἰ
1283 1511 1319 1574 δὲ
1342 1507 1392 1594 μὴ

287 1596 390 1696 τοῦτο,
413 1601 473 1678 oda
496 1612 535 1680 ἐν
557 1615 605 1701 εἴη
628 1615 683 1700 τὴν
706 1614 866 1696 ἐνέργειαν
890 1609 977 1694 ἔχειν
998 1609 1171 1696 ἐνέργειαν.
1226 1610 1281 1674 καί
1303 1637 1395 1692 ονμ-

287 1712 418 1796 βήσεται
450 1718 507 1798 τὴν
534 1714 683 1800 τοιαύτην
713 1716 872 1798 ἐνέργειαν
903 1714 1110 1795 α’νενέργηιον
1143 1703 1233 1774 εἶναι.
1291 1709 1326 1775 τέ
1364 1715 1396 1775 δ’

289 1815 493 1899 α’νενέργριον
521 1818 575 1879 καί
599 1812 799 1899 α’νιὶπαρκιον
823 1819 896 1880 καθ’
926 1809 965 1899 ἢν
991 1807 1223 1895 βωμολοχήσας
1242 1809 1436 1896 προέθη-λῠ

290 1939 347 1988 κας
368 1918 458 1978 θέσιν
488 1939 520 1979 τε
551 1920 606 1980 κατ’
629 1918 785 1998 πρότασιν
812 1910 916 1990 αὗτός.
969 1914 1001 1980 ro
1035 1911 1097 1997 γέρ
1123 1911 1169 1998 μὴ
1192 1911 1392 2000 ἐ’χον,ἐφης,

292 2017 450 2097 ἐνέργειαν
474 2008 539 2080 οὔτ’
563 2012 650 2079 ἐστιν
670 2009 747 2081 οὔτε
765 2019 795 2080 τέ
819 2013 914 2082 ἐστιν.
967 2006 1034 2080 οὔτ’·
1057 2013 1122 2080 ἔστι
1142 2017 1300 2089 παντελῶς
1325 2014 1394 2078 oti-

292 2118 350 2179 τοῦ
371 2117 471 2197 θέσις,
495 2115 550 2180 κατ’
572 2116 717 2181 ἀπόλωλέ
736 2140 788 2181 σοι
810 2115 843 2182 ro*
858 2115 1051 2197 σποόιλασμα
1072 2118 1114 2179 δι’
1135 2112 1314 2198 α’λέγοσκαί
1335 2119 1395 2198 τῆς

291 2220 462 2301 μοχθηρᾶς
482 2227 636 2302 γεωργιας
658 2216 673 2280 ὅ
695 2219 823 2302 οτιέχος,
846 2209 865 2299 ἢ
888 2215 921 2292 ἐς
941 2217 1140 2302 α’νέπιιρκτον
1162 2211 1244 2300 {poio
1267 2217 1395 2298 δογμα-

120 2355 124 2363 =
181 2321 194 2338 ’
228 2320 403 2397 floruimus
427 2317 586 2382 πιστεύειν
613 2312 633 2401 ἧ
663 2320 708 2394 εἰς
730 2317 882 2384 σύνθετον
910 2315 1056 2402 dedomo.
1111 2319 1309 2382 ἐναντιοῦται
1332 2315 1437 2401 γέρρρ

293 2442 344 2484 σοι
366 2422 422 2484 καί
449 2419 466 2481 o‘
490 2425 577 2496 θεῖος
601 2415 784 2506 Κέριλλος,
819 2413 936 2488 ἄτοπον
967 2412 1049 2485 εἶναι
1081 2421 1212 2506 φάσκων
1233 2415 1267 2484 τὸ
1289 2419 1395 2499 λέγειν

293 2726 327 2783 lis
348 2732 376 2780 et
395 2725 512 2779 essentia
531 2725 574 2778 dei
596 2724 736 2779 divinitate
758 2726 894 2780 destituta.
919 2727 957 2781 ait
975 2728 1043 2780 enim
1062 2727 1140 2780 etiarn
1155 2724 1300 2796 Gregorius
1318 2721 1393 2791 Itys.

294 2814 386 2854 saeos:
413 2797 552 2851 sibonum
572 2806 630 2863 est,
650 2814 761 2865 pravum
778 2808 910 2855 non-est:
930 2800 971 2851 sin
990 2807 1083 2862 autem
1093 2814 1204 2866 pravum
1223 2806 1273 2861 est,
1291 2795 1394 2848 bonnm

295 2886 350 2922 non
371 2878 425 2935 est,
452 2869 595 2923 secundum
620 2886 677 2922 eum
695 2871 844 2936 rationem,
865 2873 933 2939 quod
953 2871 1086 2924 contraria
1110 2870 1234 2937 componi
1251 2882 1306 2920 non
1325 2882 1394 2935 pos.

295 2950 364 2996 sunt.
387 2942 478 3010 itaque
498 2957 555 2993 cum
575 2941 672 2993 multos
692 2943 757 2994 deos
772 2957 934 3009 componere
953 2943 1139 3006 contenderes,
1159 2939 1342 3007 deprehensus
1362 2955 1393 2990 es

297 3014 374 3065 etiam
396 3030 429 3064 ex
449 3015 594 3081 negatione
615 3016 693 3064 unius
714 3014 756 3064 dei
784 3021 1036 3081 aegrotans,'quae
1056 3022 1117 3065 sunt
1134 3013 1249 3064 maximo
1267 3011 1394 3077 opposita
1468 3061 1471 3070 ,

293 3085 373 3148 mela,
394 3093 421 3136 et
433 3086 607 3136 conciderunt
626 3088 715 3152 parvis
733 3086 833 3136 arcium
852 3092 955 3136 tuarum
968 3084 1080 3136 castella
1099 3092 1126 3135 et
1137 3084 1309 3145 munitiones,
1329 3082 1393 3149 qui.

294 3156 344 3207 bus
365 3156 481 3206 oouiisus
503 3172 570 3208 eras.
609 3157 706 3207 deinde
725 3165 813 3207 autem
843 3159 966 3225 quoniam
991 3156 1065 3208 aliud
1086 3155 1151 3216 diois
1173 3153 1321 3222 essequod
1340 3153 1393 3204 ha.
1474 3211 1485 3223 ,

261 3251 267 3265 »
295 3225 350 3289 bet,
370 3225 443 3276 aliud
462 3227 532 3292 quod
554 3225 666 3277 habetur
687 3234 713 3278 et
741 3229 885 3290 diversum,
905 3229 1018 3280 fortasse
1037 3229 1110 3279 dices
1140 3229 1219 3278 etiam
1237 3225 1311 3276 aliud
1331 3239 1392 3276 esse

295 3296 448 3350 necessario
468 3297 560 3361 doum,
589 3296 662 3350 aliud
691 3300 748 3350 eius
774 3301 956 3353 substantiam.
1003 3300 1100 3351 dicitur
1125 3299 1195 3350 enim
1214 3298 1278 3347 deus
1299 3302 1327 3346 et
1346 3311 1394 3346 es.

293 3369 407 3420 sentiam
426 3366 526 3418 habere
548 3375 575 3418 et
594 3367 775 3422 substantiam.
815 3373 866 3423 erit
883 3373 965 3440 igitur
984 3385 1017 3421 ex
1035 3379 1080 3420 tua
1098 3369 1232 3420 sententia
1249 3368 1314 3419 deus
1336 3381 1393 3429 uon

294 3438 494 3503 substantialis,
523 3446 550 3489 et
573 3438 721 3492 substantia
746 3441 790 3492 dei
818 3444 957 3494 divinitate
981 3442 1126 3505 destituta,
1147 3441 1224 3491 etde
1244 3438 1394 3490 efficientia

294 3511 364 3562 idem
383 3509 522 3562 dicendum
543 3510 594 3560 erit
613 3519 639 3562 et
655 3513 844 3579 quaerundum,
863 3530 926 3566 num
946 3511 1091 3564 efficientia
1105 3512 1202 3563 habent
1222 3510 1394 3562 efficientiam

295 3575 391 3646 aliam,
413 3583 509 3633 etenim
529 3581 552 3633 si
570 3581 664 3646 habet,
684 3591 746 3634 sunt
765 3585 847 3653 igitur
866 3586 933 3650 duo,
957 3600 988 3636 ao
1008 3585 1030 3634 si
1050 3583 1118 3648 dno,
1141 3584 1248 3636 diversa
1268 3582 1395 3641 omnin03

294 3652 368 3706 aliud
387 3655 456 3704 enim
477 3660 603 3719 oportere
623 3669 682 3704 esse
701 3655 809 3706 dicebas
830 3664 910 3723 atque
930 3657 955 3706 id
975 3655 1045 3723 quod
1071 3653 1184 3706 habetur
1208 3654 1234 3703 id
1253 3653 1324 3721 quod
1342 3651 1396 3702 ha-

293 3722 350 3787 bet,
373 3733 400 3775 et
420 3726 504 3777 oritur
518 3725 644 3792 quaedam
664 3726 758 3777 mirum
778 3728 805 3777 in
824 3728 928 3779 modum
955 3727 1066 3778 formata
1085 3726 1248 3778 efficientiae
1269 3722 1396 3774 officien-

266 3863 269 3868 .
295 3797 346 3856 tiu;
366 3796 406 3846 sin
426 3805 514 3847 antem
533 3796 585 3846 hoo
604 3813 695 3848 verum
715 3806 840 3861 nonest,
870 3814 924 3850 non
945 3805 1035 3865 potest
1054 3797 1199 3850 efficientia
1222 3793 1396 3846 efficientiam

292 3864 404 3929 habere,
424 3873 450 3916 et
467 3875 595 3934 sequetur
613 3877 643 3920 ut
662 3869 808 3922 efficientia
827 3870 956 3921 eiusmodi
982 3868 1173 3936 sitrineiiixoax.
1219 3866 1289 3934 quod
1306 3871 1396 3918 autem

295 3935 423 3987 inefficax
443 3945 493 4000 est,
512 3939 590 3988 etiam
611 3947 652 3991 est
669 3956 723 3991 non
738 3939 922 4005 substantiale,
943 3941 1087 3992 secuudum
1101 3956 1168 4004 eam,
1191 3953 1267 4006 qnam
1288 3937 1396 4001 tuipse

294 4013 410 4074 nugatus
428 4007 606 4074 proposuisti,
635 4010 723 4061 thesin
751 4018 778 4060 ot
796 4013 924 4077 protasia.
972 4011 1143 4064 efficientiam
1171 4012 1250 4075 enim,
1271 4009 1322 4072 ais,
1340 4020 1397 4057 non

292 4077 396 4130 habens
414 4093 503 4146 nequo
522 4086 669 4148 estusque
696 4081 838 4150 quidquam
868 4091 924 4136 est:
943 4083 1022 4134 immo
1045 4085 1151 4136 omnino
1172 4097 1227 4134 non
1250 4087 1292 4132 est
1307 4077 1396 4130 thesis

294 4156 339 4206 tun
360 4157 386 4204 et
402 4149 481 4206 brevi
509 4151 611 4205 interiit
635 4153 683 4204 tibi
708 4167 808 4223 opera,
841 4161 867 4208 et
885 4157 944 4228 agri
970 4172 1128 4212 aerumnose
1159 4153 1226 4208 culti
1244 4153 1330 4224 spica,
1349 4147 1398 4220 qui
