3017 4759
243 248 474 338 usercens-
491 244 750 327 οιιιιιιιιιιι
771 249 865 317 xxx.
885 227 1070 319 si-to.
1152 241 1224 316 ιοι
1252 308 1285 336 ,.
1334 253 1337 266 '

131 412 327 499 ἐνεργητικῆς
355 412 521 506 δυνάμεως
551 415 750 491 ἀποτέλεσμα
785 416 925 496 ἐνέργεια
960 415 1016 478 καί
1047 409 1138 496 ἐργον
1175 408 1229 479 καὶ
1297 443 1300 446 ·

131 516 348 634 ἐνέργημα,ε
322 541 366 591 ως
380 513 457 600 ἔργα
470 541 523 580 ιιαι
518 513 693 599 ἐνέργειαι
707 515 839 579 θεοῦ
800 540 838 600 γη
859 519 913 581 καί
924 511 1058 600 ου’ρανῦς
1071 516 1125 580 καί
1137 511 1176 578 τοὶ
1197 511 1230 578 ἐν

132 615 273 694 τούτοις·
289 641 379 742 φησι
402 615 463 701 γὰρ
485 615 501 680 ὁ
524 618 649 693 θεῖος’
633 642 668 680 εκ
677 620 854 697 Δαμασκοῦ
874 614 1067 700 Ιοοοι’ννης<
1043 639 1085 691 ως
1110 616 1230 699 ἦένὲρ·
1215 617 1260 670 f
1273 613 1322 671 141
1333 630 1355 668 r·

130 743 202 802 γεια
216 717 272 782 καί
281 721 437 844 ἐιέργημα
451 722 587 801 λέγεται,
602 743 654 782 και
667 715 849 782 τοῦναντιον
865 719 1006 800 ἐνέργεια
1019 742 1053 781 ro
1041 714 1232 801 ἐνέργημα,

106 821 174 899 οῦς
196 845 248 884 ιιαι
265 818 299 885 τέ
325 823 440 902 κτίσμα
460 825 569 896 κτίσις.
612 815 725 884 καθ’
707 845 723 882 o
746 818 977 904 σημαινόμενον
998 844 1051 883 και
1072 817 1127 884 ιὸν
1150 809 1233 881 οἶκον

132 919 291 1004 ἐνέργειαν
305 945 411 1007 φαμεν
428 945 484 985 του
471 917 683 1004 οἰκοδόμου,
707 947 759 986 ιιαι
773 923 827 986 τοῦ
843 925 1005 1046 ναυπηγοῦ
1023 945 1079 1004 την
1101 916 1231 982 ὁλκάδα.

131 1026 274 1107 ἐνέργεια
298 1026 419 1106 λέγεται
440 1049 493 1088 και
517 1052 535 1108 η
560 1021 639 1108 πρὸς
659 1022 698 1090 τὰ
728 1019 937 1106 ἐνεργούμενα
960 1025 1098 1107 αι’νησις,
1119 1023 1230 1104 σχέσις

131 1148 178 1199 τις
198 1118 280 1188 ουσα
300 1124 353 1188 ιιαέ
372 1127 489 1205 μειαξῦ
511 1129 716 1210 θεαρουμένη
749 1129 808 1189 τοῦ
826 1149 861 1190 τε
891 1127 1154 1208 δημιουργοῦντες
1177 1145 1229 1185 και

133 1224 197 1288 τοῖν
216 1225 525 1309 ἐημιουργουμένυιν,
546 1223 693 1311 καθάπερ
714 1225 734 1310 ἦ
760 1227 817 1292 τοῦ
841 1224 1007 1306 οἰκοδόμου
1022 1225 1098 1310 πρὸς
1121 1222 1154 1289 τὸ
1180 1226 1230 1290 οἰ·

85 1325 364 1406 ,sonorissimus
400 1330 454 1391 καί
499 1329 557 1392 τοῦ
591 1334 755 1412 ναυπηγοῦ
783 1325 861 1412 πρὸς
895 1323 1074 1391 sinicius.
1133 1318 1232 1406 {isai

133 1422 334 1509 συμβεβηκὸς
366 1419 447 1492 οῦσα
480 1431 558 1492 καθ’
591 1427 688 1511 αῦιην
721 1427 953 1511 συγκαταλήγει
984 1430 1022 1515 τῇ
1042 1431 1102 1490 suiv
1126 1420 1234 1509 ῦιιρων

134 1526 219 1609 λη’ξει
243 1525 431 1595 καίοῦκὲτι
456 1525 542 1593 ἐστὶν
565 1529 670 1592 ου’ῦέν.
714 1526 789 1611 περὶ
811 1519 848 1612 ἧς
876 1531 931 1590 καί
961 1527 978 1590 o‘
1003 1526 1149 1610 θεολόγος
1170 1523 1235 1648 ἔφη

134 1623 153 1688 o‘
174 1630 261 1700 θεῖος
282 1631 314 1692 Γ
313 1651 457 1712 ρηγοριος
483 1627 527 1703 οῦς
547 1625 792 1747 ἐνεργηθησεται
824 1654 876 1694 και
899 1627 957 1694 οῦκ
987 1624 1158 1712 ἐνεργήσει,
1179 1631 1235 1692 καί

136 1725 218 1806 ἐμοῦ
239 1751 280 1814 την
312 1725 521 1850 ἐνεργηθῆναι
544 1725 721 1810 παῦσειαι,
743 1731 889 1814 καθάπερ
914 1732 969 1796 καί
991 1727 1150 1816 ημειαξῦ
1175 1733 1233 1795 τοῦ

93 1826 298 1913 ἱδὸρωμένου
319 1831 375 1893 καί
394 1833 453 1893 τοῦ
478 1828 611 1914 ἐροῦντος
642 1822 753 1914 ὅρασις
778 1855 830 1896 και
855 1859 873 1926 η
896 1834 994 1913 μέσον
1015 1831 1075 1894 τοῦ
1096 1832 1233 1915 γευομέ·
1292 1867 1295 1874 ⁴

135 1950 192 1993 ιον
214 1952 266 1992 και
289 1931 347 1993 τοῦ
368 1933 504 2013 γευστοῦ
524 1933 643 2014 γεῦσις.
669 1934 723 1996 καί
743 1927 956 2002 ῦΝυσσαὲυιν
975 1934 1009 1996 δὲ
1032 1936 1120 2008 θεῖος
1142 1935 1174 1996 Γ
1172 1958 1232 2018 ρη

134 2031 241 2113 γόριος
263 2028 308 2114 μη
323 2029 491 2097 ἐν’νασθαέ
508 2056 605 2117 φησιν
620 2036 781 2116 ἐνέργειαν
795 2030 1026 2119 α’περγαοιιιιην
1047 2059 1116 2099 τινα
1131 2034 1236 2117 rrouiy.v

134 2153 234 2212 ματος
263 2131 366 2216 αῦιην
395 2135 447 2219 ἐφ’
470 2127 587 2218 ἑαυτῆς
620 2137 790 2217 συστῆναι,
812 2133 857 2217 μη’
880 2158 964 2209 τινος
996 2135 1232 2216 ὑποδεχομένου

137 2255 193 2315 της
212 2233 370 2316 ἐνεργείας
397 2230 455 2317 την
480 2236 610 2319 κίνησιν.
657 2238 832 2318 α’ναγιιαέαν
863 2233 924 2317 γὰρ
948 2232 1034 2316 ἔχειν
1050 2236 1154 2298 ταῦτα
1176 2259 1235 2318 την

93 2337 248 2414 νθσχέσιν
269 2332 346 2418 πρὸς
379 2327 499 2458 ῦλληλα
532 2332 586 2421 ιη’ν
613 2360 646 2401 τε
666 2333 864 2451 ἐνιργηιιιιην
893 2361 945 2400 και
977 2333 1033 2419 τὴν
1056 2334 1235 2457 παθητιιιην

138 2427 284 2512 δυ’ναμιν.
335 2459 381 2500 ουν
414 2437 445 2501 εἰ
472 2436 649 2558 χωρισθείη
680 2461 722 2524 την
754 2435 836 2524 λόγῳ
868 2433 903 2500 τῦ
939 2437 1068 2560 ἕτερον,
1105 2434 1162 2499 οῦκ
1195 2430 1236 2501 ἐν
1286 2480 1294 2489 1

138 2534 194 2618 ἐφ’
214 2526 334 2598 ἑαυτοῦ
362 2542 498 2621 συσταιή
528 2538 584 2602 καί
602 2534 637 2601 τέ
671 2535 875 2620 λειπόμενον·
918 2537 949 2600 εἰ
966 2562 1012 2622 μη
1034 2535 1094 2623 γὰρ
1118 2562 1171 2602 και
1197 2534 1232 2604 td

139 2876 198 2944 igni
217 2875 297 2941 inest,
317 2883 345 2927 et
363 2876 510 2944 frigerandi
529 2877 605 2943 nivi,
626 2884 653 2928 et
676 2878 809 2929 sentiendi
828 2875 945 2941 animali,
975 2885 1002 2927 et
1021 2868 1156 2930 efficiendi
1175 2879 1237 2931 eiii.

140 2949 232 3000 cienti.
271 2949 351 2999 etiarn
372 2948 515 2999 efficientis
539 2950 581 3000 vis
600 2951 731 3015 perfectio
760 2951 856 3002 dicitur
884 2949 1028 2999 eiiicientia
1049 2956 1076 2999 et
1094 2949 1191 3000 iactum
1211 2958 1239 3002 et

141 3019 275 3083 eiiectum,
294 3027 324 3070 ut
343 3019 460 3085 factast
479 3020 642 3071 efficientiae
663 3021 706 3071 dei
725 3021 848 3071 dicuntur
867 3026 938 3070 terro
954 3026 980 3070 et
999 3016 1103 3069 coelum
1124 3027 1150 3069 et
1169 3035 1237 3086 quas
1326 3069 1328 3072 ,

93 3141 105 3150 ,
140 3091 168 3142 iu
189 3091 225 3142 iis
243 3098 392 3142 versantur.
437 3092 474 3141 ait
501 3092 569 3142 euim
600 3092 706 3143 divinus
732 3093 846 3143 loannes
875 3089 1072 3141 Damascenus:
1094 3089 1239 3142 efficientis

143 3163 221 3213 etiam
242 3161 365 3212 effectum
386 3161 499 3226 dicitur,
517 3171 598 3222 etex
622 3164 755 3213 contrario
786 3162 907 3212 effectum
932 3161 1090 3225 efficientis,
1110 3169 1140 3212 ut
1159 3163 1238 3214 etiam

142 3239 258 3284 creatum
280 3234 397 3296 creatio,
422 3235 566 3286 secundum
594 3251 671 3302 quum
695 3233 917 3299 significationem
948 3234 1026 3284 etiam
1046 3233 1147 3283 domum
1168 3235 1238 3285 dici.

140 3319 198 3355 mus
220 3304 392 3355 efficientiam
418 3305 559 3358 architecti
587 3312 613 3355 et
630 3305 739 3355 navium
764 3305 942 3356 aedificatoris
961 3319 1055 3355 novem
1079 3307 1237 3357 onerariam.

146 3375 291 3426 efficientia
318 3375 417 3426 dicitur
436 3378 514 3428 etiam
533 3377 636 3428 moveri
656 3376 687 3426 ad
711 3391 760 3440 ea,
781 3391 849 3445 quae
868 3376 1039 3440 efficiuntur,
1061 3385 1087 3427 et
1110 3384 1150 3428 est
1168 3379 1238 3429 ratio
1330 3416 1333 3428 ,

143 3447 271 3512 quaedam
291 3462 360 3513 quae
379 3449 523 3499 intercedit
540 3449 611 3498 inter
631 3447 752 3497 efficiens
773 3456 799 3498 et
819 3447 955 3511 effectum,
978 3456 1007 3498 ut
1025 3447 1186 3500 architectus
1206 3449 1239 3500 ad

142 3517 290 3568 aedificium
309 3519 433 3582 uceedit,
456 3527 483 3570 et
502 3520 611 3570 nuvium
630 3519 784 3570 aedificator
803 3519 834 3570 ad
853 3534 963 3583 navem,
982 3534 1058 3586 ,quae
1076 3521 1158 3569 motio
1179 3535 1238 3570 cum
1272 3569 1284 3582 ,

137 3587 266 3638 accidens
285 3590 320 3639 sit
334 3605 383 3656 per
402 3605 432 3641 se
451 3606 509 3641 cum
531 3594 709 3642 extremorum
724 3591 776 3640 dne
792 3591 898 3654 desinit,
918 3605 1006 3657 neque
1027 3591 1136 3640 estium
1158 3591 1237 3656 quid.

141 3672 230 3724 quam.
250 3659 283 3708 de
302 3674 354 3726 qua
373 3661 451 3711 etium
473 3663 578 3730 divinus
598 3661 760 3729 Gregorius,
780 3660 924 3730 theologus
947 3659 1012 3724 ille,
1032 3662 1084 3711 uit.
1101 3659 1238 3712 efficietur
1277 3690 1279 3700 ν

140 3743 229 3795 neque
248 3743 314 3779 vero
334 3732 444 3794 efficiet,
465 3740 490 3783 et
509 3733 668 3802 simulatque
687 3734 783 3785 edocta
802 3741 851 3797 est,
873 3733 988 3795 desinet,
1007 3738 1037 3781 ut
1055 3732 1133 3783 etiam
1154 3733 1238 3796 visus,

140 3800 186 3868 qui
206 3800 275 3849 inter
295 3801 380 3850 visum
401 3811 427 3852 et
447 3805 580 3854 videntem
598 3806 761 3869 intercedit,
790 3813 816 3855 et
835 3805 905 3853 inter
929 3810 1077 3870 gustantem
1099 3811 1125 3854 et
1145 3813 1238 3872 gusta-

140 3880 195 3922 tum
214 3875 346 3938 gustatus.
366 3878 393 3921 et
411 3873 517 3923 divinus
536 3876 679 3960 Gregorius
697 3875 832 3942 Nyssucus
850 3874 925 3936 dicit,
942 3889 994 3925 non
1014 3888 1094 3940 posse
1115 3875 1239 3928 efficien-

140 3943 203 3995 tiam
225 3940 309 3991 uliam
328 3942 369 3991 rei
390 3942 552 3993 efficacem'
546 3959 628 4010 ipsam
648 3950 675 3998 iu
694 3964 724 4000 se
744 3953 885 4008 constare,
903 3946 955 3997 nisi
981 3947 1044 4014 quid
1063 3948 1178 4029 recipiat
1197 3947 1240 3997 ei-

80 4015 87 4033 ·
139 4012 455 4066 ficientiaemotionem.
483 4012 666 4068 diaecesim
696 4017 797 4070 habere
824 4019 1003 4070 necessarium
1022 4019 1152 4069 rationem
1171 4018 1241 4068 inter
1354 4077 1357 4084 .

107 4113 111 4123 ι
141 4102 181 4148 se,
201 4084 319 4135 activam
340 4090 368 4152 et
385 4099 518 4151 passivam
544 4085 614 4138 rim·
645 4104 755 4156 quorum
775 4090 799 4140 si
822 4090 1099 4142 secernaturratione
1118 4087 1241 4150 alterum,
1299 4095 1303 4099 '

140 4170 195 4208 non
216 4158 243 4206 in
266 4170 295 4207 se
316 4163 422 4207 constet
442 4155 520 4206 etiam
540 4156 682 4226 reliquum3
702 4162 801 4212 etenim
816 4160 837 4214 si
857 4174 910 4212 uon
931 4161 965 4212 sit
985 4161 1115 4211 etiumres
1128 4159 1241 4226 petisne,
