3017 4759
220 206 441 281 nrsronrte
469 204 726 309 urztnnnte
754 209 849 274 xxv.
880 185 1068 275 d't-bt.
1158 202 1207 277 ta

104 362 320 460 νειναυύγιον
350 374 433 457 μετὰ
452 371 509 458 τὴν
529 370 657 457 μακρὰν
684 372 804 454 ἐκείνην
835 368 1004 456 ἐληλυθότι
1025 368 1207 456 θάλασσαν,

104 476 253 564 δεύτερον
273 479 302 541 δ’
324 476 342 561 ἦ
362 478 424 542 τῶν
448 474 590 557 πατρίων
613 476 666 556 τῆς
681 476 737 536 τοῦ
752 473 830 535 θεοῦ
851 468 1017 558 ἐκκλησίας
1039 471 1207 562 δογμάτων

104 580 296 661 κατάλυσις,
329 581 369 643 δι’
399 574 444 661 ἢν
464 560 640 659 α’ρχόμενον
662 570 710 638 ἔτι
733 574 879 658 καθάπερ
911 572 1057 657 σ’ψιγενές
1077 576 1112 639 ἐν
1129 574 1206 664 ληίην

105 682 247 762 ζιζύνιον
270 679 425 765 φύεσθαι,
448 678 503 741 καί
524 669 592 755 ἅμα
613 677 673 740 σού
690 674 963 758 προαγορεύοντος
983 674 1109 740 α’κούων
1130 680 1207 756 sss-

77 788 185 845 5iess=
197 782 238 843 δι’
260 776 377 845 ἔκτισιν
392 777 560 863 ἁμαρτιῶν
581 783 759 860 συγχωρεῖν
774 773 828 839 τὸν
850 772 1018 841 deduxero*
1034 779 1090 859 τῆς
1114 774 1207 860 ἡμῶν

105 880 272 963 εύσεβεύας
296 879 445 963 διωγμόν,
462 877 516 941 κατ’
535 875 745 961 ξυννενοηκως
770 874 869 953 αύτὸς
885 873 1024 957 ἐμαυτδν
1046 878 1087 941 ου’
1108 879 1207 960 δυνη-

106 981 241 1063 ούμενος
263 978 369 1062 οἴσειν,
395 976 500 1065 φυγάς
522 975 691 1061 ἐθελοντής
714 980 738 1017 “
759 978 927 1061 γεγένημαι
949 978 1005 1060 τῆς
1026 980 1105 1061 ἐμῆς
1128 985 1237 1042 reu-f.
1258 985 1306 1041 lbi
1318 985 1346 1040 b.

107 1080 182 1167 τησέ
202 1082 352 1165 πατρίδος
374 1082 425 1164 ἐφ’
448 1076 522 1165 δ’λην
544 1072 830 1180 ἧδηείκοσαετιάν.
885 1074 953 1142 εἴθε
967 1080 1003 1141 δ’
1024 1075 1069 1143 ἐτι
1091 1101 1209 1163 προσε-

106 1176 216 1247 τίθετο
238 1184 292 1246 καί
325 1180 441 1246 πλείων
470 1178 584 1263 χρόνος
610 1183 649 1267 τῇ
666 1181 764 1267 φυγῇ.
809 1178 879 1244 ἀλλ’
911 1181 1021 1265 ἐχρην,
1046 1176 1090 1255 ὥς
1111 1176 1205 1256 ἔοικε,

61 1296 95 1350 10
107 1280 274 1359 θαλάσσας
296 1279 469 1346 duduconis
491 1276 691 1359 α’λλύξασθαι
713 1282 896 1364 βιαιοτέρας
915 1283 1019 1370 πολληῐ
1042 1283 1105 1345 τῶν
1126 1279 1209 1345 sins.

106 1387 236 1467 ρορι’ων.
289 1381 454 1457 πλείστους
484 1378 545 1467 γύρ
583 1384 616 1445 ἐν
644 1383 800 1470 ,α’λλοτρέηι
832 1380 949 1456 τύπους
971 1379 1132 1447 διελθόντι
1156 1383 1212 1448 καί

107 1484 256 1571 πλείστην
278 1486 527 1571 περαιωσυμένηι
553 1478 738 1563 θάλασσαν,
771 1480 935 1557 τοιαύταις
953 1474 1043 1547 ούπω
1075 1488 1131 1547 κατ’
1152 1488 1208 1547 νῦν

106 1585 347 1667 ἐντετυχηκέναι
377 1583 555 1657 θαλάσσαις
570 1581 815 1661 ξυνεπεπτούκει
837 1604 910 1661 μοι,
934 1576 986 1647 ὅτε
1014 1586 1135 1665 μᾶλλον
1156 1585 1217 1674 καδ

108 1679 170 1771 δπη
199 1688 322 1765 μᾶλλον
344 1680 554 1749 α’ναπνεύσειν
586 1681 696 1772 ηιήθην
731 1679 879 1746 ἐπανιών.
942 1684 1028 1747 πᾶσα
1055 1686 1116 1766 μὲν
1147 1684 1209 1768 γάρ

63 1799 97 1853 15
108 1790 211 1870 ἐκείνη
232 1784 377 1878 θάλαττα
409 1788 463 1850 κατ’
486 1784 610 1849 κλύδων
633 1778 719 1857 ἅπας
751 1779 820 1846 ἐκεῖ
838 1783 985 1865 σώματος
1005 1787 1127 1869 η’πειλει
1151 1786 1210 1850 θύ-

109 1910 214 1968 νατον,
238 1878 276 1949 οδ
296 1886 353 1969 την
371 1883 489 1972 ἔφοδον
519 1889 574 1950 κατ’
595 1886 724 1971 φύσεως
753 1881 1039 1972 α’θύνατοςψηφος
1058 1884 1211 1968 &senode-¹
1300 1881 1308 1895 ⁶

110 2012 185 2075 τησε
215 1984 388 2071 πρότερον·
442 1984 471 2051 οἱ
502 1988 536 2051 δὲ
569 1990 631 2053 redu
655 1989 752 2051 θείων
789 1983 954 2070 δογμάτων
975 1990 1132 2071 χειμῶνες
1156 1992 1212 2053 κατ’

109 2091 265 2165 κλύδωνες
297 2087 460 2153 α’θανάτου
495 2092 602 2173 ψυχῆς
635 2089 878 2171 ἐπαγγέλλονται
906 2085 1067 2169 θάνατον,
1101 2083 1211 2173 ἥκιστα

111 2195 211 2273 πέρας
243 2185 337 2255 criden
369 2189 496 2277 ου’δαμῇ
520 2194 589 2254 ποτ’
622 2191 755 2272 ἐνεγκεῖν
779 2188 963 2269 δυνάμενον.
1007 2193 1110 2253 καίτοι
1134 2190 1277 2266 eddim

18 2334 20 2343 ,
62 2299 99 2353 20
111 2290 276 2375 πόρρωθεν
290 2284 358 2353 οὔδ’
372 2286 468 2363 edric
485 2292 545 2355 suin
560 2289 711 2355 τοιούτων
722 2288 870 2370 κυμάτων
886 2291 999 2364 τελέως
1010 2285 1142 2373 ἐνηκοος
1160 2282 1210 2373 η’ν.

111 2388 194 2457 dead
218 2394 259 2473 με’
284 2416 331 2466 τις
352 2389 520 2456 ύπέσαινευ
543 2383 629 2473 δμως
652 2389 749 2474 ἐλπίς,
769 2390 970 2475 μεμνημένον
997 2392 1054 2473 τῆς
1073 2391 1151 2475 πρὸς
1175 2396 1212 2457 ui
1267 2413 1271 2420 ·

111 2494 167 2557 τοῦ
186 2495 343 2575 βασιλέως
366 2498 475 2577 φιλιάς
506 2494 561 2556 καί
586 2484 647 2557 τῶν
680 2489 799 2577 νύκτωρ
823 2491 879 2556 καί
888 2494 971 2574 ,μεθ’
993 2491 1118 2577 ἡμέραν
1138 2490 1213 2573 ὅμι-

116 2798 197 2853 quum
217 2794 290 2833 mare
308 2779 487 2834 illudvastum
506 2796 664 2849 permensus
683 2795 786 2846 essem3
807 2783 1050 2836 secundumsirtem
1069 2783 1215 2849 patriorum

116 2858 272 2923 dogmatum
294 2851 427 2906 ecclesiae
447 2851 489 2904 dei
512 2854 632 2917 cversio;
655 2869 731 2921 quarn
753 2870 833 2922 quum
852 2852 1032 2922 quasilolium
1050 2854 1078 2903 in
1096 2868 1215 2907 arcese.

118 2928 234 2979 uotiuum
256 2925 347 2977 enasci
369 2931 536 2990 coeptantem
558 2925 677 2977 viderem
696 2933 776 2994 atque
796 2932 823 2975 te
842 2926 960 2977 audirem
976 2926 1216 2990 praenuntiantem,
1240 2943 1250 2949 ‘

118 3000 188 3060 iore,
208 3003 237 3047 ut
259 2998 324 3049 deus
343 3011 391 3062 pro
411 3004 581 3063 peccatorum
603 2998 720 3049 uindicta
739 2998 955 3063 persecutionem
974 3002 1083 3051 nostrae
1100 2993 1218 3063 religio.

118 3071 162 3122 nis
184 3068 344 3132 admitteret,
365 3082 398 3118 ex
417 3068 467 3118 hac
485 3084 544 3119 mea
563 3068 657 3135 patria,
680 3068 751 3135 quod
771 3067 798 3118 id
815 3083 857 3117 me
874 3065 992 3118 tolerare
1010 3080 1151 3134 nonposse
1172 3067 1217 3118 iu.

118 3138 285 3208 telligebam,
307 3155 355 3207 per
375 3140 495 3207 integros
515 3140 611 3208 viginti
634 3153 717 3190 annos
727 3138 858 3205 profugus
880 3138 951 3205 degi.
989 3138 1088 3189 utinam
1109 3138 1217 3207 lougius

120 3212 199 3263 etiam
218 3218 322 3278 tempus
345 3210 425 3279 fugae
445 3212 617 3273 addidissem!
662 3210 708 3262 sed
730 3209 872 3273 debebam,
895 3218 924 3261 ut
944 3210 1067 3274 uidetur,
1094 3209 1218 3262 ductibus

120 3284 216 3336 fluctus
237 3282 322 3333 multo
343 3283 495 3350 peregrinis
516 3281 682 3335 saevioribus
708 3289 868 3348 permutare.
912 3296 1068 3351 quamquam
1095 3282 1164 3333 euim
1191 3284 1219 3333 iu

119 3353 242 3422 plurimis
264 3353 362 3405 alienis
382 3354 450 3406 loeis
470 3355 657 3422 peregrinatus
679 3353 846 3421 plurimaque
865 3354 946 3404 maria
965 3362 1133 3405 transvectus
1152 3368 1219 3416 sum,

120 3441 250 3493 nusquam
271 3434 369 3490 tamen,
388 3427 416 3478 iu
434 3426 501 3478 tales
523 3426 617 3479 fluetus
636 3426 728 3489 incidi,
749 3425 843 3493 quales
861 3425 905 3477 bic
925 3419 1009 3477 coorti
1019 3433 1089 3490 sunt,
1111 3439 1219 3492 querc·

121 3511 216 3548 versus
233 3513 305 3548 nunc
328 3513 404 3565 quam
425 3499 539 3549 maxime
558 3505 788 3550 mereereaturum
802 3513 861 3549 esse
878 3497 1026 3563 sperabam.
1049 3497 1137 3547 omnia
1150 3498 1220 3546 enim

122 3570 175 3619 ista
192 3570 272 3619 maria
295 3583 440 3637 omnesque
461 3572 507 3621 isti
527 3569 623 3636 ssuctus
643 3570 763 3636 corporis
779 3577 890 3621 mortem
904 3571 1068 3633 minitentur,
1088 3568 1219 3618 euiusin.

122 3651 233 3707 gressus
261 3642 339 3691 etiam
365 3649 476 3692 naturae
505 3641 647 3693 immortali
672 3642 781 3707 decreto
810 3641 965 3709 praefinitus
988 3648 1040 3704 est3
1069 3646 1220 3709 sanctorum

123 3716 212 3761 autern
239 3712 388 3779 dogmatum
414 3721 586 3781 tempestates
607 3721 686 3781 atque
707 3712 846 3779 procellae
865 3712 1020 3764 immortalis
1041 3710 1145 3778 animae
1170 3710 1220 3762 de.

123 3781 254 3833 nunciant
272 3792 392 3849 mortem,
412 3800 480 3853 quae
499 3784 601 3837 nullum
621 3799 736 3853 unquam,
754 3786 833 3836 finem
853 3785 941 3835 sortiri
952 3784 1044 3851 possit.
1064 3798 1220 3852 quamquam
1330 3841 1335 3850 χ

122 3860 210 3903 autem
233 3861 320 3905 tantos
339 3854 433 3907 fluctus
457 3857 501 3907 bie
523 3857 651 3908 excitatos
670 3872 729 3907 esse
747 3872 782 3907 ne
803 3854 897 3924 procul
917 3856 1021 3924 quidem
1040 3855 1120 3923 plane
1139 3855 1248 3927 iguo..

122 3919 223 3990 raihans,
244 3941 305 3993 spes
324 3934 411 3978 tamen
430 3928 567 3980 admodum
586 3928 683 3979 blanda
701 3944 743 3980 me
763 3931 858 3994 tenuit,
877 3944 955 3995 quum
976 3928 1132 3979 recordarer
1153 3924 1222 3976 arni.

124 3997 220 4061 cinae,
248 4013 317 4065 quae
348 4006 436 4049 tecum
458 4000 611 4065 imperatori
642 4000 841 4065 intercederet,
873 3994 1127 4067 consuetudinisque
1148 3996 1222 4046 illius

125 4076 274 4121 nocturnae
297 4078 324 4121 et
344 4071 465 4135 diurnae,
485 4086 560 4138 quam
584 4087 683 4124 summa
702 4067 845 4140 cupiditate
858 4073 1015 4140 ardentique
1034 4072 1121 4123 animo
1134 4076 1223 4119 tecum

130 4150 281 4207 exerceret,
304 4143 458 4211 priusquam
477 4143 508 4194 ad
530 4142 627 4195 solium
645 4144 843 4210 imperatorium
865 4153 975 4197 erectus
995 4151 1076 4207 essct,
1095 4148 1174 4209 atquc
1195 4144 1225 4189 ut
