3017 4759
301 232 349 301 to
610 222 836 294 urosruoar
862 180 1098 287 σιτευτοί

199 350 204 450 Δ.
302 393 394 479 ἔγωγ’
415 391 580 475 όκνησαιμι
605 384 722 471 σχολὴν
756 377 863 469 άγοιτι
886 384 941 446 νῦν
961 371 1135 466 προφέρειν
1160 374 1230 442 ἔνια
1251 377 1307 439 κατ’
1326 395 1408 458 προ-

301 499 423 562 τιθέναι
443 516 495 558 σοι
515 493 672 576 βραχείας
692 486 774 561 τινὸς
797 481 1012 603 ἀντιρρήσεως
1033 479 1205 565 πρόφασιν.

263 619 289 670 ο
403 595 455 683 Tei
475 594 533 674 μὲν
557 587 595 674 δη
615 589 702 675 τόμῳ
724 588 833 674 έκεένιρ
849 588 904 666 τῆς
920 580 1087 646 άντιθέτου
1110 576 1288 659 όυναμεως,
1307 576 1410 659 Ἀγα-

302 902 458 979 πολέμιοι,
476 894 533 969 τάς
558 892 662 979 κύκλῳ
686 889 849 973 παρόδους
868 884 1007 967 άκριβῶς
1034 823 1230 964 κατέχόντες,
1251 905 1303 945 ιιαι
1326 886 1408 945 πολ-
1470 964 1478 967 .

304 1002 355 1065 λοι
372 1000 427 1083 τῆς
448 996 603 1115 ημετέρας
623 986 763 1073 γλώττης
793 990 959 1069 ἐπίβουλοι
980 984 1153 1066 κάθηνται,
1173 980 1308 1067 ἔφεδροί
1326 1005 1408 1057 τινες

301 1105 402 1169 εἰπεῖν
424 1098 564 1183 φρουροιΙ
591 1117 644 1156 και
674 1085 903 1174 ἡμεροσκόποι,
928 1080 1068 1164 ι’νόαλμά
1089 1109 1121 1147 τι
1143 1083 1306 1166 ζητοῦντες
1325 1104 1408 1166 προ-

302 1199 431 1319 φάσεως
454 1193 585 1261 ot‘ouoaiv
609 1194 784 1309 εἰληφέναι,
806 1191 845 1251 ἵν’
867 1187 955 1270 ημάς
972 1185 1196 1264 ἀναιδέστερον
1216 1181 1409 1264 όβρισαντες

305 1298 386 1382 ομοῦ
419 1299 475 1363 καί
508 1296 563 1414 της
593 1292 755 1377 παρούσης
779 1291 863 1371 ζωης
884 1284 1115 1364 άπαλλάξωσι,
1137 1308 1191 1349 και
1185 1284 1330 1363 όόξωσι
1351 1289 1410 1348 λα-
1391 1306 1452 1359 -10

291 1401 410 1489 ,τρτιαν
432 1395 604 1482 προσάγειν
619 1400 691 1469 τοῖς
714 1394 770 1455 νῦν
790 1385 935 1474 ἡγεμόσι.
988 1385 1084 1466 κάμοι
1080 1383 1164 1465 μέν
1185 1384 1328 1448 θανάτου
1350 1389 1411 1465 με’-

302 1508 352 1567 λει
373 1498 445 1564 ου’ό’
477 1495 605 1562 ὁτιοῦν*
660 1513 813 1575 συμφυης
842 1488 927 1572 γάρ,
963 1511 1015 1550 και
1039 1485 1069 1549 ei
1087 1509 1131 1568 μη
1152 1483 1314 1569 ιη’μερον,
1339 1484 1411 1548 ἀλλ’

303 1594 416 1685 αὔριον
438 1596 516 1672 ι’σοις
539 1564 679 1713 άόηλοις
690 1613 783 1656 ποσιν
803 1588 1006 1652 ε’πικεέσεται.
1050 1607 1114 1648 των
1136 1587 1168 1647 ό
1191 1577 1250 1649 σόν
1274 1584 1410 1649 όιωκάν.

304 1724 367 1765 των
390 1699 517 1785 φειόοῖ,
549 1694 594 1779 μη
618 1689 781 1777 πρόφασιν
803 1685 887 1772 ἡμᾶς
910 1679 1116 1768 πεισόμενοι
1125 1712 1180 1813 την
1200 1689 1294 1752 θειάν
1315 1685 1413 1751 αότοι

305 1801 379 1865 καθ’
414 1796 519 1861 auitam
554 1793 650 1877 ὄργην
679 1790 872 1876 έρεθέζωσι,
904 1786 1022 1855 τούτων
1056 1793 1086 1853 d'
1117 1782 1174 1853 σάν
1200 1812 1290 1852 ενεκα
1317 1789 1453 1871 σιγάνγη

306 1899 448 1983 ἀνάγκη,
480 1922 533 1964 και
559 1886 730 1977 μάλισθ”’
713 1917 760 1956 οτι
781 1894 857 1976 μηδ’
882 1889 943 1955 άνά
966 1901 1079 1977 χειρος
1109 1888 1195 1973 ἔχειν
1217 1884 1298 2009 ημάς
1318 1895 1412 1968 ’ξυνε-
1501 1931 1502 1964 ,

309 1994 466 2065 πεπτάκει
487 1997 542 2062 τόν
555 1993 650 2075 τάμον
666 1990 840 2072 dativum*
825 2016 877 2057 ινα
894 1994 1019 2067 πάντως
1042 1994 1158 2075 βέβαια
1180 1988 1236 2053 κατ’
1252 2015 1298 2071 μη
1316 1986 1412 2073 κωφά

312 2096 352 2165 τά
375 2095 616 2183 προβαλλόμενα
637 2085 668 2183 ᾗ.
702 2089 832 2157 ἐπειδάν
850 2094 878 2156 ‹l’
895 2090 912 2153 ό
927 2094 984 2175 τῆς
1003 2094 1131 2174 αἰθρίας
1148 2087 1324 2175 άναλάμψη
1341 2111 1415 2150 και-

306 2201 361 2287 ρὸς
375 2198 461 2283 καάῆ
478 2198 682 2284 προσήκουσα
704 2197 744 2284 τῆ
763 2190 884 2281 γλοόττη
902 2195 1064 2277 παρρησία
1080 2196 1289 2276 προσγένηται
1307 2187 1364 2268 ξάν
1376 2212 1413 2271 γε

252 2296 264 2315 ’
306 2304 388 2418 θειγ,
411 2298 482 2364 τότε
506 2296 545 2382 όη
570 2295 654 2417 κάγω
679 2295 759 2379 μετά
782 2297 897 2377 σχολης
920 2290 1088 2374 άναλαβιάν
1107 2290 1264 2377 θρηνήσω
1282 2287 1338 2355 τόν
1359 2312 1412 2353 νε·
1394 2316 1454 2370 -20

287 2392 383 2482 1κρόν
402 2420 477 2482 μου,
499 2402 552 2464 καί
570 2398 641 2463 τότε
665 2391 846 2475 κλαάσομαι
869 2417 990 2514 πικρως
1012 2396 1066 2458 έπι
1085 2391 1120 2458 τά
1145 2390 1331 2477 σόντριμμα
1352 2392 1410 2455 τοῦ

306 2503 414 2585 γένους
434 2522 511 2581 μου,
534 2499 746 2577 καταδέσμοις
763 2491 894 2619 φάναι
884 2493 938 2558 καί
959 2496 1144 2581 φαρμάκοις
1168 2496 1322 2578 ἰατρικοῖς
1344 2476 1449 2556 τισὶ

306 2625 362 2685 την
382 2605 439 2665 τοῦ
461 2599 614 2665 τοσούτου
637 2595 763 2672 πάθους
795 2591 837 2671 ὥς
859 2588 925 2661 οιόν
947 2619 981 2660 τε
1012 2593 1204 2681 πειρώμενος
1228 2591 1411 2679 φλεγμονην
1503 2647 1504 2660 r

308 2887 399 2959 agenti
416 2885 545 2941 nonnulla
564 2884 688 2954 proferro
709 2891 736 2935 et
759 2882 851 2937 brevis
878 2883 1013 2938 cuiusdam
1033 2882 1209 2937 refutationis
1234 2898 1315 2937 causa
1342 2901 1410 2953 pro.

281 3000 285 3009 ,
307 2975 419 3031 ponere.

395 3054 604 3109 ·llelutationem
632 3056 696 3107 tomi
728 3054 854 3106 factionis
886 3052 1074 3117 adversariae,
1099 3051 1311 3121 Agathanpele,
1337 3070 1410 3106 nunc

306 3144 384 3196 quam
403 3127 517 3178 maxima
535 3128 749 3191 intempestivam
775 3126 855 3188 fore,
882 3132 1006 3177 accurate
1025 3124 1048 3175 si
1066 3139 1124 3176 rem
1142 3123 1320 3190 perpenderis
1338 3126 1409 3177 baud

306 3197 480 3259 diffiteberis3
500 3196 576 3247 multi
597 3198 666 3247 cuim
685 3197 788 3248 inimici
815 3197 893 3248 nobis
921 3195 1094 3258 insidientur,
1121 3209 1213 3246 omnes
1233 3196 1408 3249 circumcirca

307 3268 393 3321 aditus
413 3266 557 3333 diligenter
578 3267 768 3331 custodientes,
789 3266 909 3318 etmulti
927 3274 1079 3318 nostrorum
1098 3266 1241 3319 verborum
1254 3276 1409 3333 captatores

308 3338 426 3391 assident
443 3344 566 3404 tanquam
585 3337 714 3389 stationes
735 3346 762 3389 et
775 3338 915 3401 excubiae,
926 3352 1024 3389 causae
1042 3338 1144 3421 aliquid
1163 3336 1251 3389 simile
1274 3356 1409 3405 quaeren-

307 3417 358 3473 tes,
379 3415 409 3459 ut
410 3407 593 3491 ‘impudenter
612 3415 638 3458 et
658 3408 853 3461 contumeliose
872 3424 922 3459 nos
940 3416 1067 3459 tractatos
1086 3410 1141 3461 vita
1162 3409 1273 3475 iruuper
1291 3411 1408 3476 privent.

309 3489 390 3550 atque
408 3479 457 3542 iis,
482 3479 526 3547 qui
548 3494 619 3529 nuuc
638 3494 725 3530 rerum
744 3481 822 3547 potiti
842 3488 919 3543 suut,
946 3480 1065 3531 officium
1092 3480 1222 3548 quoddam
1240 3482 1409 3563 praestitisse

308 3552 459 3605 videantur.
500 3549 565 3600 mibi
588 3549 693 3617 quidem
712 3565 783 3602 mors
801 3552 927 3602 minimae
945 3566 1026 3601 curae
1046 3559 1101 3613 est3
1121 3550 1210 3601 fatalis
1230 3552 1301 3603 enim
1322 3561 1364 3603 est
1383 3561 1411 3603 et

307 3624 332 3677 si
349 3637 401 3673 non
418 3620 518 3685 bodie,
544 3628 571 3671 at
595 3620 710 3677 fortasse
735 3623 851 3673 crastino
877 3622 922 3673 die
946 3622 1056 3673 incertis
1073 3621 1199 3690 gradibus
1218 3636 1269 3674 nos
1289 3624 1407 3676 invadet.

309 3692 537 3760 persecutoribus
546 3706 612 3744 vero
632 3693 757 3758 quoniam
775 3708 887 3760 parcere
902 3692 1047 3756 volumus,
1073 3710 1108 3745 ne
1126 3700 1217 3745 nostra
1236 3709 1317 3745 causa
1334 3695 1409 3746 diri.

308 3763 416 3814 namin
436 3778 465 3815 se
484 3766 549 3815 iram
569 3764 713 3826 concitent,
733 3779 846 3815 necesse
867 3772 907 3817 est
926 3771 1028 3828 tacere,
1048 3765 1205 3830 praesertim
1222 3766 1302 3831 quium
1323 3782 1358 3816 ne
1380 3767 1409 3816 in

308 3831 429 3885 manibus
448 3835 553 3901 quidem
575 3832 719 3887 habeamus
736 3842 836 3885 tomum
862 3834 952 3899 illum,
978 3843 1007 3885 ut
1024 3836 1151 3886 refutatio
1175 3836 1246 3886 omni
1272 3852 1306 3888 ex
1332 3844 1410 3903 parte

309 3905 383 3957 firma
401 3918 489 3972 neque
508 3904 605 3957 debilis
626 3912 705 3987 atque
725 3905 821 3957 obtusa
839 3903 918 3955 foret
964 3906 1076 3958 simulac
1095 3921 1161 3958 roro
1181 3909 1337 3958 serenitatis
1358 3924 1408 3959 ex-

309 3973 481 4042 splendescet
501 3983 603 4059 tompus
624 3984 650 4027 et
675 3976 743 4027 iustu
764 3976 874 4043 liuguae
892 3975 1003 4029 licentia
1022 3979 1074 4029 deo
1100 3978 1243 4030 adiuvante
1272 3986 1409 4046 suppetet,

310 4054 374 4097 tuuc
393 4060 443 4113 epo
463 4048 497 4097 iu
511 4047 566 4097 otio
587 4062 682 4113 corpus
699 4064 786 4099 meum
810 4054 942 4097 mortuum
967 4049 1091 4101 reficiens
1118 4048 1218 4117 lugebo
1247 4057 1274 4100 et
1299 4050 1410 4118 poneris

310 4116 364 4169 urei
383 4119 571 4172 contritionem
591 4117 687 4171 acerbe
706 4116 821 4183 deflebo,
840 4116 1028 4187 alligamentis,
1048 4128 1077 4171 ut
1095 4121 1132 4173 ita
1151 4120 1245 4185 dicam,
1269 4128 1297 4171 et
1321 4121 1410 4173 medi.
