3017 4759
237 186 287 263 28
544 188 769 257 nicaenum
802 187 1032 254 GREGORAE

134 363 136 377 '
238 354 362 434 α’ποβὰς
396 354 452 434 τῆς
474 346 794 431 νεῶςέντετυχὴκειν
817 342 1017 433 αύδημερύν·
1065 349 1106 411 oo’
1124 346 1184 431 γὰρ
1209 350 1344 431 πλησιόν

239 455 308 518 ἐκεῖ
326 474 387 516 που
409 450 468 537 τήν
489 448 611 533 οἴκησιν
635 444 736 532 εἶχεν,
761 451 840 514 otti
866 452 955 513 δυοῖν
978 445 1114 532 ἡμέραιν
1135 451 1194 512 sod
1216 451 1344 528 λιμένος

239 555 423 635 α’πέχουοαν
444 553 489 628 είς
519 545 553 615 ὃν
574 548 664 635 ἡμεῖς
700 553 868 635 τηνικαῦτα
900 550 1189 627 ἐσεπεπλεύκειμεν.
1228 548 1343 612 Ῥοδοῶ

237 654 377 736 μὲνγὰρ
400 658 519 738 ἐκείνης
539 655 599 736 τῆς
622 655 719 736 νήσου
739 654 857 733 μείζων
879 650 963 716 ἐστίν
986 650 1006 733 ἦ
1032 648 1178 731 Κύπρος,
1202 648 1256 713 καί
1273 641 1341 728 ἅμα

240 753 360 817 σύκατ“
382 756 501 837 ἐκείνην
533 754 601 819 ἀλλ’
633 744 787 837 ἐπιμήκης
808 751 842 818 τύ
864 757 995 835 σχῆμα·
1030 750 1168 837 ,μεταξύ
1193 754 1222 814 δ’
1242 749 1373 831 ου’τῆς5

240 848 314 939 ὅρος
333 851 468 937 ἑστήκει,
488 855 545 938 την
564 851 708 943 κορύφίγν
732 848 865 936 ἐςιύψος
880 853 995 934 α’νύγον
1007 852 1143 933 μακρόν.
1178 844 1338 929 Ὄλυμπος

240 964 380 1021 καλεῖται
409 954 443 1019 ut
467 948 559 1039 ὅρος,
596 957 628 1033 ἐξ
658 944 694 1020 οὗ
727 958 783 1019 καί
817 954 916 1040 πηγαί
942 955 1092 1032 ποταμῶν
1123 948 1341 1032 α’ποβλύζσυσι

240 1064 335 1138 τρεῖς,
354 1046 399 1121 ῶν
422 1055 438 1118 δ
469 1060 587 1135 μείζων
607 1054 798 1137 καλούμενος
821 1057 972 1128 Λύπιθος
994 1054 1116 1117 κάτεισι
1148 1056 1270 1131 τέμνων
1291 1053 1345 1113 καί

242 1160 418 1240 περιρρέων
439 1156 497 1241 τήν
521 1162 712 1223 Λευκασίαν
745 1157 864 1223 οὑτωσί
899 1161 1095 1237 καλουμένην
1124 1152 1257 1236 χῶραν,
1290 1150 1346 1214 καί

47 1282 53 1293 ·
151 1251 163 1257 “
241 1253 416 1323 ἀποπτύων
443 1255 486 1322 to*
513 1256 643 1342 ῥεῖθρον
676 1257 764 1342 παρά
788 1256 846 1341 την
878 1258 909 1332 ἐς
935 1248 1051 1339 ύρκτον
1076 1259 1255 1336 βλέπουσαν
1275 1249 1340 1316 δύ·
1355 1260 1394 1319 10
1442 1277 1445 1282 ·

242 1363 377 1421 λασσπν.
426 1358 543 1423 τούτου
573 1357 660 1441 παραὶ
692 1354 749 1431 τὰς
779 1354 881 1440 ὄχθας
913 1354 1024 1438 ἔτυχεν
1039 1351 1130 1436 ’ἔχων
1151 1356 1267 1447 ἐκεῖνος
1288 1352 1344 1434 τήν

243 1458 375 1542 οἴκησιν,
397 1456 447 1522 διὸ
468 1460 523 1523 καί
538 1461 693 1544 Λαπίθης
716 1455 750 1522 ἐκ
767 1482 802 1542 γε
820 1458 879 1521 τού
901 1458 1044 1539 ποταμοῦ
1066 1442 1121 1518 καί
1141 1453 1237 1529 ου’τὸς
1258 1448 1345 1528 ὅπως

243 1561 318 1625 ποτὲ
339 1558 601 1643 παρωνόμασται.
653 1565 742 1644 γνοιή
776 1562 804 1623 δ’
829 1551 868 1621 ῶν
889 1582 934 1633 τις
964 1554 1066 1630 scidis
1087 1554 1146 1620 κδκ
1168 1554 1268 1638 μόνης
1289 1556 1345 1636 τῆς

244 1662 453 1743 περιφανείας
486 1683 521 1723 τε
544 1660 598 1723 καί
623 1661 680 1723 τού
712 1662 867 1742 μεγέθους
886 1661 949 1722 τῶν
981 1659 1087 1720 οἰκιῶν
1107 1657 1162 1719 καί
1182 1650 1344 1717 ἐπαύλεων
1457 1637 1465 1687 ²

112 1767 131 1824 l.
148 1768 198 1827 101
208 1770 235 1825 b.
244 1762 303 1821 τοῦ
325 1756 451 1841 α’νδρύς,
473 1758 529 1821 καί
547 1758 621 1840 πρίν
635 1760 680 1834 εἰς
704 1745 781 1840 iuius
804 1760 885 1822 ἰέναι
898 1759 1010 1838 αύτού,
1031 1759 1055 1796 ”
1073 1755 1116 1840 μη
1139 1760 1202 1819 τῶν
1225 1754 1344 1837 α’γενῶν
1354 1766 1393 1819 15

245 1852 327 1923 εἶναι
347 1864 402 1922 καί
423 1862 485 1923 τῶν
508 1861 631 1921 πολλῶν
650 1860 715 1943 ἕνα,
738 1853 786 1922 ὅτι
808 1857 857 1945 μὴ,
873 1863 934 1922 τῶν
956 1856 1039 1921 πάνυ
1059 1882 1088 1921 τι
1113 1856 1184 1919 λίαν
1208 1853 1342 1931 ἐνδόξων

156 1962 169 1985 “
245 1961 300 2024 καί
322 1958 453 2039 πρῶτων
476 1961 532 2043 τῆς
552 1958 673 2043 νήσου·
723 1964 811 2045 γνοιή
833 1962 864 2024 δ’
885 1953 925 2023 ῶν
951 1962 1071 2040 μᾶλλον
1093 1960 1128 2023 ἐκ
1148 1962 1207 2020 τοῦ
1226 1956 1345 2039 τρόπου

246 2066 301 2125 καί
321 2063 376 2145 τῆς
401 2053 497 2146 ῶλλης
521 2064 578 2125 τού
606 2064 680 2143 βίου
702 2061 896 2144 σεμνότητος.
949 2054 1060 2142 ἑορταί
1089 2058 1149 2142 γύρ
1171 2060 1227 2120 καί
1247 2079 1357 2138 πανη-·

214 2172 216 2175 ’
245 2160 353 2245 γύρεις
384 2158 471 2246 ἱεραί
488 2161 545 2245 τήν
574 2166 676 2227 οῖκιάν
698 2160 818 2246 ε’κείνην
838 2164 1009 2242 ἐκόσμουν,
1040 2161 1095 2225 καί
1114 2160 1263 2243 χορηγίαι
1284 2159 1348 2221 τῶν

247 2264 406 2343 δεομένων
440 2263 596 2343 δαψιλεῖς.
651 2266 715 2327 τῶν
736 2286 771 2344 γε
804 2261 867 2345 μὴν
894 2260 997 2344 ουχνύ
1026 2265 1264 2344 περιαγομένων
1285 2253 1352 2319 ἐκεῖ
1357 2261 1394 2316 20

247 2366 450 2445 Χριστιανῶν
482 2351 693 2447 αἰχμαλώτων
721 2367 872 2447 μεγίστην
894 2366 1027 2428 ἐποιεῖτο
1048 2360 1249 2445 προμήθειαν
1257 2410 1266 2440 ,
1286 2358 1365 2443 ori-U
1505 2355 1506 2380 ³

247 2462 301 2538 τός
322 2488 354 2529 τε
385 2468 533 2549 παρέχων
560 2467 714 2551 αἰγδδνως
740 2464 778 2529 τὰ
806 2467 906 2548 μείζω
927 2469 983 2529 καί
1006 2461 1180 2545 τελειότερα
1202 2464 1258 2544 τῆς
1272 2458 1349 2523 τού-

246 2588 308 2628 των
332 2566 535 2650 ἐλευθερίοις,
555 2567 609 2633 καί
633 2564 700 2648 ἅμα
732 2566 808 2644 τούς
830 2560 946 2642 ἄλλους
976 2565 1116 2648 δτρύνων
1140 2565 1349 2637 διδασκαλίας

250 2856 357 2924 quidem
377 2871 391 2907 e
411 2857 476 2909 novi
497 2872 622 2925 egressus
639 2873 693 2910 non
714 2858 802 2909 statim
822 2857 914 2908 eodem
933 2856 977 2907 die
996 2854 1144 2908 convenire
1163 2854 1248 2922 potui.
1292 2867 1346 2903 non

252 2928 321 2980 enim
341 2928 368 2978 in
387 2930 538 2997 propinquo
557 2928 672 2981 babebat
690 2929 790 2994 sedem,
809 2929 856 2980 scd
884 2928 995 2979 duorum
1014 2928 1115 2978 dierum
1140 2927 1192 2977 iter
1218 2917 1348 2975 intererit

252 3001 322 3051 inter
340 3009 488 3069 sumatque
507 3009 622 3067 portum,
641 3003 669 3053 in
688 3015 767 3069 quem
786 3009 840 3051 tum
860 3000 1029 3049 incurrimus.
1049 2997 1153 3063 Cyprus
1174 2996 1242 3046 enim
1262 2996 1346 3045 maior

254 3078 295 3122 est
313 3070 401 3121 insula
421 3071 515 3122 Rhodo
534 3087 623 3140 neque
643 3074 744 3135 eadem,
764 3086 816 3137 qua
834 3070 882 3138 illa
904 3071 996 3133 lorma,
1017 3070 1064 3120 sed
1085 3067 1212 3133 oblonga.
1250 3068 1347 3116 inme-

252 3142 295 3193 dia
312 3148 400 3190 autem
421 3140 508 3192 insula
526 3158 601 3194 mons
620 3152 669 3208 est,
693 3144 738 3210 qui
758 3142 863 3194 culmen
882 3142 915 3193 ad
934 3155 1054 3209 magnam
1075 3138 1241 3190 altitudinem
1261 3136 1346 3187 effert.

252 3212 382 3277 Olympus
402 3212 554 3277 appellatur
574 3229 607 3263 ex
626 3229 713 3282 coque
732 3215 812 3264 trium
833 3214 973 3265 duriorum
992 3213 1081 3263 iontcs
1099 3209 1251 3276 profluunt,
1280 3221 1350 3276 quo.

251 3298 309 3334 rum
329 3282 467 3346 maximus,
487 3284 530 3333 cni
549 3284 661 3350 Lapitbo
680 3299 778 3335 nomen
800 3292 850 3348 est,
869 3284 1025 3335 leucosiam
1042 3282 1199 3349 regionem,
1219 3296 1288 3348 quae
1307 3277 1350 3330 di.

254 3354 342 3417 citur,
362 3355 482 3405 secernit
498 3354 577 3423 atque
597 3355 756 3411 circumfluit
775 3355 923 3424 ductusque
942 3358 969 3407 in
987 3369 1076 3417 mare,
1096 3353 1166 3420 quod
1184 3352 1212 3401 iu
1232 3358 1351 3417 septem-

253 3426 355 3477 triones
373 3432 486 3491 spectat,
507 3428 610 3478 emittit.
649 3428 680 3479 ad
702 3427 781 3479 huius
802 3428 916 3478 fluminis
939 3428 1011 3493 ripas
1035 3424 1085 3476 ille
1110 3423 1273 3475 domicilium
1301 3420 1351 3471 bu-

253 3497 320 3558 buit,
343 3504 505 3563 quapropter
524 3498 601 3549 etiam
621 3498 815 3566 ipscbapithe's
835 3514 868 3550 ex
886 3497 994 3549 flumine
1013 3498 1215 3565 cognominatus
1236 3494 1352 3545 videtur.

255 3569 342 3619 statim
361 3582 429 3619 vero
448 3569 507 3635 quis
527 3586 560 3621 ex
579 3568 636 3622 sola
658 3572 749 3636 specie
769 3578 850 3638 atque
868 3570 1051 3637 magnitudine
1070 3567 1251 3619 aedificiorum
1273 3572 1353 3631 utque

255 3637 419 3690 stabulorum
439 3640 518 3691 etiam
540 3649 679 3709 autequam
698 3644 726 3693 in
746 3641 860 3692 bominis
879 3639 1252 3707 ipsiusadspectumvcnerit,
1272 3632 1353 3687 lacile

254 3718 410 3777 cognoscet.
433 3724 491 3759 eum
510 3726 676 3779 nequaquam
694 3728 774 3766 unum
795 3728 855 3764 esse
875 3727 909 3763 ex
926 3710 1089 3778 ignobilibus
1117 3718 1197 3776 atque
1218 3704 1353 3774 plebeiis,

254 3780 301 3833 sed
323 3795 356 3831 ex
375 3781 531 3833 clarissimis
557 3791 636 3851 atque
655 3785 815 3850 primoribus
842 3782 956 3833 insulae.
994 3783 1062 3833 idem
1087 3780 1171 3847 magis
1198 3780 1277 3829 etiam
1304 3789 1354 3827 co.
1379 3782 1385 3788 “

254 3860 367 3920 gnoscet
396 3867 429 3903 ex
450 3852 522 3904 vitae
548 3855 605 3907 eius
627 3854 758 3923 dignitate
775 3863 856 3921 atque
874 3854 1016 3921 gravitate.
1062 3852 1129 3903 lesta
1151 3852 1220 3901 enim
1242 3857 1269 3900 et
1287 3848 1355 3900 sacri

254 3930 405 3975 conventus
430 3930 510 3991 atquc
534 3940 633 3975 summa
663 3928 691 3977 iu
719 3928 815 3991 iuo‘pes
847 3923 994 3976 liberalitas
1025 3923 1098 3975 illum
1123 3924 1227 3974 domum
1252 3926 1355 3970 ornant.

261 3993 474 4049 Christianorum
493 4004 580 4047 autem
608 3998 791 4062 captivorum,
816 3997 860 4063 qui
891 3994 985 4045 crebro
1010 3996 1047 4045 ibi
1074 3992 1357 4052 circumducebantur,

267 4066 404 4121 maximam
424 4064 539 4119 babebat
558 4081 657 4131 curam,
677 4082 756 4135 quum
777 4070 879 4139 etipse
898 4066 1009 4135 largiter
1026 4067 1154 4118 maiorem
1172 4061 1358 4132 atqucmelio.
