3017 4759
237 261 464 336 msronnn
492 259 751 330 ammiane
777 236 885 338 xiix..
908 242 1093 330 te-ta
1175 252 1248 346 aaa

150 424 372 515 ἰιενὶυροομένον
397 425 600 494 λανθάνουσα
633 430 725 513 φήμη
759 431 903 511 λαβοῦσα
936 428 1097 491 διέπιπτεν
1128 428 1173 501 εἰς
1194 420 1249 507 τὴν

151 531 274 617 α’χοράν
294 533 488 613 έξτπιπσλῆς.
513 523 588 593 ὅθεν
610 529 725 613 μαθάν
738 528 792 594 καί
813 525 924 609 ου’τός,
945 528 999 593 καί
1019 530 1121 617 διιλιρ
1140 529 1251 615 μακρᾷ

74 648 81 659 ·
150 631 332 715 συσχεθείς,
355 620 456 719 ᾤχετο
475 627 580 719 λάθρρ
601 628 747 712 άποδράς
768 628 848 714 πρὸς
870 627 906 693 τὸ
939 632 1002 695 τάν
1024 630 1173 693 Λατίνων
1194 627 1269 690 ria-¹

150 737 282 815 τιπέρας
304 730 484 816 φροάριον·
533 735 589 797 καί
620 735 661 819 τῇ
682 730 855 820 άλλοφόλιρ
884 731 983 819 σκέπη
1011 733 1066 794 καί
1087 729 1250 818 διστιοτείρ

124 830 269 916 (ricorde
288 830 342 897 διά
368 833 543 917 φιλοζωΐαν
566 832 830 912 καθυποζεάξας,
852 832 906 895 καί
925 825 947 895 ά
971 838 1036 906 τοϊς
1058 829 1138 910 ὖπέρ
1161 829 1252 892 τότε·

151 938 241 1017 βείας
270 936 492 1015 δεδιωγμένοις
522 935 602 1013 χθὲς
632 931 688 996 καί
713 932 869 1017 πρότριτα
899 932 1065 1013 ου’σεβέσιν
1096 922 1251 1008 ὠνείδιζε,

151 1036 255 1099 ταῦτα
281 1031 367 1117 παρά
392 1031 494 1108 πόδας
527 1027 691 1097 εἱλίσσεται
717 1032 772 1098 καί
801 1031 899 1107 adeda
930 1029 1107 1105 πεπονθοός.
1151 1036 1316 1094 κατα-ΙΙ

155 1130 331 1219 φεόχοντας
360 1130 420 1217 γάρ
452 1130 533 1215 πρός
555 1132 591 1197 τό
617 1137 672 1217 τῆς
693 1137 815 1218 Σοφίας
837 1129 926 1216 ἱερόν
956 1135 1011 1195 καί
1028 1136 1178 1215 μέγιστον
1197 1130 1252 1197 τοῦ

154 1236 236 1297 θεοῦ
255 1238 386 1314 τέμενος
416 1234 570 1297 α’ποσπυόν
598 1234 792 1317 παρανόμως
813 1232 910 1309 αότός
942 1240 1005 1307 τοίς
1027 1230 1252 1325 δεσμωτηρίοις
1309 1274 1314 1285 ·

109 1348 145 1407 10
157 1331 376 1417 προύπεμπεν·
419 1336 450 1400 εἰ
471 1338 507 1399 δέ
528 1335 589 1399 noel
614 1360 660 1410 τις
686 1338 741 1399 καί
761 1335 836 1410 τούς
860 1331 997 1408 dedatur
1019 1332 1130 1397 λαθάν
1150 1333 1195 1405 τίς
1217 1331 1251 1396 τό

154 1433 331 1501 Λατινιιιόν
351 1436 452 1498 έκεῖνο
474 1438 631 1521 κατέφυγε
653 1436 825 1519 φρούριον,
852 1430 950 1507 πολός
974 1429 1071 1503 ου’τός
1094 1431 1194 1506 εάθάς
1216 1423 1282 1514 η’ν,

154 1530 234 1598 κατά
259 1536 321 1598 ταῖν
350 1537 505 1607 τοιούτων
526 1535 608 1621 ῥέων
639 1538 693 1597 καί
714 1535 875 1616 άμέτρους
897 1532 1057 1597 ἐπαντλῶν
1087 1529 1255 1614 λοιδορίας,

153 1632 208 1697 καί
238 1640 336 1717 λέγων
368 1633 411 1709 τάς
440 1632 469 1699 ol
492 1637 536 1725 τηῖ
559 1633 718 1716 Βαρλαάμ
747 1623 813 1697 'oure
843 1634 973 1719 Λατίνῳ
1001 1630 1088 1715 φίλοι
1117 1629 1172 1695 καί
1198 1635 1255 1695 νόν

153 1744 218 1813 τοῖς
246 1732 422 1819 ὁμοφύλοις
452 1737 558 1825 έκείνηι
580 1740 717 1818 γίνονται
748 1736 860 1821 φίλοι,
890 1735 929 1821 τῇ
956 1732 1126 1821 άλλοφάλρι
1156 1736 1255 1820 σήπῃ

32 1834 42 1851 ”
111 1857 145 1910 15
155 1838 213 1900 καί
232 1838 400 1922 δεσποτείηι
419 1835 578 1918 χρώμενοι
607 1838 748 1924 σιοστινιηῖ
771 1840 884 1916 λιμένι.
937 1826 1021 1897 οὕτω
1048 1835 1084 1897 τά
1104 1838 1158 1917 τῆς
1180 1835 1256 1899 α’σε-

153 1936 243 2019 βτίας
266 1929 386 2019 ὄργανα
408 1936 489 2012 μετά
512 1942 575 2001 τάν
602 1939 726 2003 οἰκείων
758 1937 925 2020 δογμάτων
949 1934 1028 2019 πρὸς
1048 1940 1108 2017 μέν
1129 1933 1255 2019 βραχύν

154 2062 227 2101 τινα
252 2035 368 2120 χρόνον
390 2038 546 2120 άντέσχε,
581 2043 637 2103 καί
660 2044 794 2122 λέληθεν
825 2042 924 2103 ένίοτε
956 2036 1032 2111 τούς
1064 2034 1200 2111 πολλοὺς
1222 2037 1256 2099 έν

153 2138 257 2204 σκότει
279 2138 339 2201 κάν
365 2141 539 2221 διαμέτρου
561 2144 617 2221 τῆς
639 2142 794 2222 ἀληθείας
819 2136 989 2218 έστάμενα,
1022 2138 1066 2223 τῷ
1095 2135 1200 2223 χρόνῳ
1220 2138 1254 2199 δὲ

156 2241 304 2323 φωρᾶται
327 2242 372 2327 api
390 2244 443 2324 τῆς
466 2243 619 2324 άληθείας
640 2244 876 2323 θεατριζόμενα
893 2242 979 2323 φαντί
997 2241 1054 2301 καί
1074 2236 1255 2327 άπύιότιόν

111 2331 349 2421 χοέλεχχόμτνα
361 2344 424 2406 τάν
439 2345 645 2423 πραγμάτων,
664 2350 729 2415 τοϊς
749 2342 876 2416 οἰκείοις
899 2347 1022 2422 πτεροῖς
1037 2337 1207 2403 άλίσντεταί
1223 2359 1255 2403 τε

115 2479 124 2494 x
155 2442 212 2504 καί
230 2436 356 2516 ἑαυτοῖς
377 2449 570 2523 περιπίπτει.
613 2446 697 2527 μηδὲ
717 2441 776 2526 γάρ
800 2440 935 2526 μηδενός
960 2436 1125 2515 δειόποντος
1146 2432 1255 2517 άλλου,

156 2536 215 2625 εἶφ’
235 2536 359 2606 ἑαυτῶν
387 2544 480 2608 αὐτοί
511 2541 677 2609 διώκονται
714 2534 824 2625 μόνον,
855 2542 908 2608 καί
931 2540 1111 2624 πάσχουσιν
1133 2536 1257 2602 οἴκοθεν

156 2636 240 2725 άπερ
268 2638 370 2725 έδριον
400 2642 485 2707 κατά
510 2647 576 2708 τῶν
606 2641 820 2726 ου’σεβσόντισν
840 2644 947 2723 αὐτοί,
974 2645 1030 2725 τῆς
1051 2642 1143 2714 θείας
1175 2634 1254 2701 W&

155 2741 265 2825 βραχὺ
288 2746 343 2805 καί
357 2742 537 2828 λεληθότως
551 2747 639 2828 δίκης
653 2748 889 2829 μετερχομένης
903 2746 960 2806 καί
979 2738 1171 2823 έλαυνοόσης
1192 2740 1256 2801 αά-
1266 2766 1285 2820 η,
1299 2765 1386 2823 1221·

157 2837 231 2916 τοάς
253 2841 309 2907 καί
329 2847 393 2907 τάν
423 2841 704 2928 πορυβαντιάντιον
722 2848 852 2930 χείρους
882 2841 1044 2929 ποιοάσης.
1092 2842 1173 2925 πρὸς
1193 2838 1254 2924 γάρ

158 3138 215 3176 rem
244 3119 420 3191 comperisset
442 3136 536 3193 magna
559 3123 671 3195 ignaria
695 3132 804 3194 captus,
834 3124 901 3175 clam
933 3122 1027 3193 elingit
1050 3126 1082 3178 ad
1106 3124 1258 3179 Latinorum

159 3194 321 3262 praesidium
350 3211 383 3246 ex
410 3194 522 3248 adverso
552 3200 640 3249 situm.
686 3204 713 3248 et
737 3205 848 3249 externo
874 3196 1007 3264 praesidio
1034 3204 1061 3248 et
1085 3198 1258 3249 dominationi

160 3282 221 3317 sese
242 3266 365 3318 submisit
383 3268 455 3319 ritae
472 3282 561 3319 amore
580 3277 681 3335 captus,
697 3271 724 3319 et
744 3277 772 3320 ut
790 3270 849 3337 pios
868 3268 1000 3332 homines,
1020 3268 1064 3337 qni
1084 3276 1259 3337 propterte.
1326 3304 1332 3311 .

160 3338 289 3406 Ιίρίοιιεια
311 3339 407 3391 multas
426 3339 565 3391 subierant
583 3354 737 3405 aerumnas,
764 3339 822 3391 heri
843 3346 869 3392 et
894 3347 956 3391 ante
975 3348 1030 3392 tres
1050 3340 1108 3392 dies
1128 3340 1258 3393 conviciis

160 3408 387 3477 persequebatur,
415 3412 452 3462 ita
480 3412 538 3477 ipse
558 3412 685 3461 continno
709 3412 737 3462 in
762 3426 834 3463 suam
860 3412 944 3479 ipsius
969 3410 1145 3464 calamitatem
1167 3421 1259 3480 captus

162 3487 212 3531 est.
249 3482 294 3547 qui
316 3483 386 3533 enim
405 3483 432 3533 in
451 3482 601 3549 sapientiae
625 3481 752 3549 templum
779 3491 806 3535 et
832 3498 960 3544 summurn
988 3483 1030 3533 dei
1050 3484 1195 3536 sacrarium
1214 3484 1259 3536 la.

161 3559 274 3616 gerant,
305 3566 352 3604 eos
382 3562 489 3619 praeter
508 3552 597 3620 legem
615 3552 766 3620 protractos
785 3555 843 3621 ipse
868 3556 896 3607 in
919 3560 1053 3606 carcerem
1074 3555 1199 3605 coniecit.
1236 3556 1259 3607 si

162 3620 233 3669 enim
253 3624 311 3687 qais
341 3625 517 3676 insectatores
543 3623 642 3677 fallens
667 3627 695 3676 in
723 3624 792 3677 illud
809 3625 919 3678 latinum
947 3625 1109 3693 praesidium
1129 3624 1259 3693 fugiebat,

159 3690 245 3741 multa
262 3693 321 3758 ipse
340 3696 466 3746 continuo
489 3704 581 3748 eontra
602 3712 647 3748 eoa
667 3697 772 3749 dicebat
790 3698 955 3764 infinitisque
981 3696 1100 3747 scatebat
1119 3704 1259 3749 contume-

160 3761 215 3813 liis.
240 3769 268 3812 et
287 3763 324 3813 ita
343 3763 503 3832 loquebatur
520 3784 552 3832 ac
570 3770 594 3820 si
611 3769 642 3831 ii,
662 3770 708 3837 qui
727 3768 858 3821 Barlaami
877 3768 953 3819 latini
974 3774 1063 3820 essent
1080 3770 1168 3835 amici,
1187 3786 1260 3822 nunc

161 3830 237 3883 illius
259 3837 442 3887 conterraneis
460 3839 538 3889 aruiei
555 3839 659 3891 fierent.
695 3842 786 3909 itaque
805 3843 875 3893 inter
890 3842 998 3907 propria
1020 3841 1143 3909 dogmata
1161 3842 1259 3909 impie.

161 3904 223 3955 tatis
243 3904 344 3955 auxilia
373 3909 600 3961 conservabantur
629 3926 677 3978 per
701 3911 786 3964 breve
814 3920 917 3979 tempus
945 3920 972 3964 et
990 3912 1117 3964 tenebrae
1137 3913 1259 3966 occultae

162 3982 239 4027 erant
258 3974 421 4027 multitudini
442 3987 469 4029 et
487 3982 594 4031 veritati
611 3996 719 4048 prorsus
738 3992 930 4053 repugnantes.
968 4000 1057 4053 neque
1076 3984 1109 4037 ab
1129 3983 1192 4035 nllo.
1205 3982 1259 4035 alio

161 4047 335 4112 insectatore,
354 4057 466 4100 asemet
481 4050 547 4116 ipris
564 4051 719 4121 aldiguntnr
728 4056 781 4107 soli
796 4060 822 4106 et
836 4070 868 4106 aa
879 4057 986 4107 omnino
1000 4057 1145 4124 patiuntur,
1164 4054 1260 4122 quibus

162 4119 215 4185 ipsi
239 4117 361 4173 homines
380 4120 441 4187 pios
466 4115 620 4175 offecerant.
648 4142 726 4193 ,qnae
746 4128 816 4178 enim
844 4126 1008 4195 aliquamdiu
1034 4140 1177 4193 suppressa
1205 4133 1262 4177 crat

153 4188 266 4244 iustitia
286 4191 378 4246 tisim
396 4202 467 4247 rarae
481 4207 610 4265 ερςτσεετ
622 4210 675 4249 eos
692 4198 792 4264 pressit
811 4192 1052 4267 corybantibnsqar
1071 4195 1181 4265 peiores
1197 4196 1261 4253 rad-
