<?xml version="1.0" encoding="UTF-8"?>
<!DOCTYPE html PUBLIC "-//W3C//DTD XHTML 1.0 Transitional//EN"
    "http://www.w3.org/TR/xhtml1/DTD/xhtml1-transitional.dtd">
<html xmlns="http://www.w3.org/1999/xhtml" xml:lang="en" lang="en">
 <head>
  <title>
</title>
<meta http-equiv="Content-Type" content="text/html;charset=utf-8" />
  <meta name='ocr-system' content='tesseract 3.04.00' />
  <meta name='ocr-capabilities' content='ocr_page ocr_carea ocr_par ocr_line ocrx_word'/>
</head>
<body>
  <div class='ocr_page' id='page_1' title='image "./corpusscriptoru13theogoog/corpusscriptoru13theogoog_0018.png"; bbox 0 0 3017 4759; ppageno 0'>
   <div class='ocr_carea' id='block_1_1' title="bbox 246 188 1035 274">
    <p class='ocr_par' dir='ltr' id='par_1_1' title="bbox 246 188 1035 274">
     <span class='ocr_line' id='line_1_1' title="bbox 246 188 1035 274; baseline -0.018 0"><span class='ocrx_word' id='word_1_1' title='bbox 246 202 269 274; x_wconf 84' lang='grc' dir='ltr'><strong><em>ο</em></strong></span> <span class='ocrx_word' id='word_1_2' title='bbox 451 225 455 233; x_wconf 52' lang='grc'><em>’</em></span> <span class='ocrx_word' id='word_1_3' title='bbox 545 188 784 271; x_wconf 79' lang='lat' dir='ltr'><strong>nrcnrnonr&#39;</strong></span> <span class='ocrx_word' id='word_1_4' title='bbox 805 197 1035 265; x_wconf 73' lang='lat' dir='ltr'><strong>draconun</strong></span> 
     </span>
    </p>
   </div>
   <div class='ocr_carea' id='block_1_2' title="bbox 171 352 1402 2359">
    <p class='ocr_par' dir='ltr' id='par_1_2' title="bbox 249 352 1353 449">
     <span class='ocr_line' id='line_1_2' title="bbox 249 352 1353 449; baseline -0.019 -15"><span class='ocrx_word' id='word_1_5' title='bbox 249 372 310 435; x_wconf 77' lang='grc' dir='ltr'><strong>τῶν</strong></span> <span class='ocrx_word' id='word_1_6' title='bbox 341 362 585 449; x_wconf 80' lang='grc' dir='ltr'><em>Καλλιστράτου</em></span> <span class='ocrx_word' id='word_1_7' title='bbox 620 366 742 429; x_wconf 99' lang='grc' dir='ltr'><strong><em>παίδων</em></strong></span> <span class='ocrx_word' id='word_1_8' title='bbox 780 360 796 425; x_wconf 85' lang='lat'><strong>3</strong></span> <span class='ocrx_word' id='word_1_9' title='bbox 828 359 1060 445; x_wconf 77' lang='grc' dir='ltr'><strong><em>πρεσβότερος·</em></strong></span> <span class='ocrx_word' id='word_1_10' title='bbox 1118 352 1353 438; x_wconf 81' lang='grc' dir='ltr'><strong><em>Ἀγαθάγγελος</em></strong></span> 
     </span>
    </p>

    <p class='ocr_par' dir='ltr' id='par_1_3' title="bbox 171 452 1402 2359">
     <span class='ocr_line' id='line_1_3' title="bbox 171 452 1351 555; baseline -0.016 -21"><span class='ocrx_word' id='word_1_11' title='bbox 171 490 174 494; x_wconf 82' lang='grc'><em>·</em></span> <span class='ocrx_word' id='word_1_12' title='bbox 250 462 492 552; x_wconf 38' lang='grc' dir='ltr'><strong><em>όνομαιτάνδρί.</em></strong></span> <span class='ocrx_word' id='word_1_13' title='bbox 534 467 642 555; x_wconf 82' lang='grc' dir='ltr'><strong><em>χρόνῳ</em></strong></span> <span class='ocrx_word' id='word_1_14' title='bbox 663 490 697 549; x_wconf 86' lang='grc' dir='ltr'><strong><em>γε</em></strong></span> <span class='ocrx_word' id='word_1_15' title='bbox 726 465 789 549; x_wconf 74' lang='grc' dir='ltr'><strong><em>μην</em></strong></span> <span class='ocrx_word' id='word_1_16' title='bbox 812 458 947 536; x_wconf 74' lang='grc' dir='ltr'><strong><em>ἓαοτοός</em></strong></span> <span class='ocrx_word' id='word_1_17' title='bbox 970 460 1175 546; x_wconf 72' lang='grc' dir='ltr'><strong><em>ἀνειληφότες</em></strong></span> <span class='ocrx_word' id='word_1_18' title='bbox 1196 452 1351 538; x_wconf 76' lang='grc' dir='ltr'><strong><em>ἑκάτεροι,</em></strong></span> 
     </span>
     <span class='ocr_line' id='line_1_4' title="bbox 249 556 1348 679; baseline -0.016 -45"><span class='ocrx_word' id='word_1_19' title='bbox 249 565 409 653; x_wconf 74' lang='grc' dir='ltr'><strong><em>ἑκατέροις</em></strong></span> <span class='ocrx_word' id='word_1_20' title='bbox 425 572 485 632; x_wconf 78' lang='grc' dir='ltr'><strong>τῶν</strong></span> <span class='ocrx_word' id='word_1_21' title='bbox 509 568 629 632; x_wconf 76' lang='grc' dir='ltr'><strong><em>οἰκείων</em></strong></span> <span class='ocrx_word' id='word_1_22' title='bbox 652 566 825 648; x_wconf 77' lang='grc' dir='ltr'><strong><em>ἐχρώμεθα</em></strong></span> <span class='ocrx_word' id='word_1_23' title='bbox 850 559 1051 636; x_wconf 74' lang='grc' dir='ltr'><strong><em>διδασκάλοις</em></strong></span> <span class='ocrx_word' id='word_1_24' title='bbox 1074 558 1286 679; x_wconf 83' lang='grc' dir='ltr'><strong><em>διηγημάτων,</em></strong></span> <span class='ocrx_word' id='word_1_25' title='bbox 1307 556 1348 617; x_wconf 86' lang='grc' dir='ltr'><strong><em>τά</em></strong></span> 
     </span>
     <span class='ocr_line' id='line_1_5' title="bbox 247 658 1350 749; baseline -0.016 -15"><span class='ocrx_word' id='word_1_26' title='bbox 247 694 282 734; x_wconf 86' lang='grc' dir='ltr'><strong><em>τε</em></strong></span> <span class='ocrx_word' id='word_1_27' title='bbox 303 664 383 734; x_wconf 86' lang='grc' dir='ltr'><strong><em>άλλο</em></strong></span> <span class='ocrx_word' id='word_1_28' title='bbox 406 696 458 733; x_wconf 91' lang='grc' dir='ltr'><strong>και</strong></span> <span class='ocrx_word' id='word_1_29' title='bbox 483 665 559 743; x_wconf 87' lang='grc' dir='ltr'><strong><em>όσας</em></strong></span> <span class='ocrx_word' id='word_1_30' title='bbox 581 692 642 731; x_wconf 89' lang='grc' dir='ltr'><strong>των</strong></span> <span class='ocrx_word' id='word_1_31' title='bbox 665 664 791 749; x_wconf 78' lang='grc' dir='ltr'><strong><em>όδήλων</em></strong></span> <span class='ocrx_word' id='word_1_32' title='bbox 811 662 1052 746; x_wconf 82' lang='grc' dir='ltr'><strong><em>συμπτωμάτων</em></strong></span> <span class='ocrx_word' id='word_1_33' title='bbox 1074 658 1109 724; x_wconf 83' lang='grc' dir='ltr'><strong><em>αἱ</em></strong></span> <span class='ocrx_word' id='word_1_34' title='bbox 1136 660 1235 739; x_wconf 89' lang='grc' dir='ltr'><strong><em>τόχαι</em></strong></span> <span class='ocrx_word' id='word_1_35' title='bbox 1257 677 1350 718; x_wconf 86' lang='grc' dir='ltr'><strong><em>κεκο-</em></strong></span> 
     </span>
     <span class='ocr_line' id='line_1_6' title="bbox 248 754 1380 858; baseline -0.02 -20"><span class='ocrx_word' id='word_1_36' title='bbox 248 776 360 852; x_wconf 87' lang='grc' dir='ltr'><strong><em>μίκασι</em></strong></span> <span class='ocrx_word' id='word_1_37' title='bbox 381 774 419 858; x_wconf 83' lang='grc' dir='ltr'><strong><em>τῇ</em></strong></span> <span class='ocrx_word' id='word_1_38' title='bbox 440 795 473 852; x_wconf 86' lang='grc' dir='ltr'><strong><em>γε</em></strong></span> <span class='ocrx_word' id='word_1_39' title='bbox 491 793 547 833; x_wconf 91' lang='grc' dir='ltr'><strong><em>του</em></strong></span> <span class='ocrx_word' id='word_1_40' title='bbox 535 771 640 832; x_wconf 81' lang='grc' dir='ltr'><strong><em>θεοῦ</em></strong></span> <span class='ocrx_word' id='word_1_41' title='bbox 659 766 806 857; x_wconf 75' lang='grc' dir='ltr'><strong><em>ἐκκλησία</em></strong></span> <span class='ocrx_word' id='word_1_42' title='bbox 828 763 882 829; x_wconf 87' lang='grc' dir='ltr'><strong>καί</strong></span> <span class='ocrx_word' id='word_1_43' title='bbox 903 762 971 845; x_wconf 86' lang='grc' dir='ltr'><strong><em>άμα</em></strong></span> <span class='ocrx_word' id='word_1_44' title='bbox 991 768 1056 836; x_wconf 77' lang='grc' dir='ltr'><strong><em>τοῖς</em></strong></span> <span class='ocrx_word' id='word_1_45' title='bbox 1071 767 1241 832; x_wconf 76' lang='grc' dir='ltr'><strong><em>πολιτικοῖς</em></strong></span> <span class='ocrx_word' id='word_1_46' title='bbox 1263 754 1349 841; x_wconf 90' lang='grc' dir='ltr'><strong><em>πρά-</em></strong></span> <span class='ocrx_word' id='word_1_47' title='bbox 1328 762 1380 814; x_wconf 87' lang='grc'><strong>-5</strong></span> 
     </span>
     <span class='ocr_line' id='line_1_7' title="bbox 248 856 1349 994; baseline -0.015 -58"><span class='ocrx_word' id='word_1_48' title='bbox 248 896 352 994; x_wconf 88' lang='grc' dir='ltr'><strong><em>γμασι</em></strong></span> <span class='ocrx_word' id='word_1_49' title='bbox 371 871 427 946; x_wconf 83' lang='grc' dir='ltr'><strong><em>τάς</em></strong></span> <span class='ocrx_word' id='word_1_50' title='bbox 450 872 631 956; x_wconf 89' lang='grc' dir='ltr'><strong><em>συμφοράς,</em></strong></span> <span class='ocrx_word' id='word_1_51' title='bbox 652 870 711 932; x_wconf 81' lang='grc' dir='ltr'><strong><em>τοῦ</em></strong></span> <span class='ocrx_word' id='word_1_52' title='bbox 731 869 810 931; x_wconf 81' lang='grc' dir='ltr'><strong><em>θεοῦ</em></strong></span> <span class='ocrx_word' id='word_1_53' title='bbox 835 860 1111 947; x_wconf 83' lang='grc' dir='ltr'><strong><em>συγκεχωρηκότος</em></strong></span> <span class='ocrx_word' id='word_1_54' title='bbox 1135 857 1185 923; x_wconf 89' lang='grc' dir='ltr'><strong>διά</strong></span> <span class='ocrx_word' id='word_1_55' title='bbox 1209 856 1267 941; x_wconf 84' lang='grc' dir='ltr'><strong>την</strong></span> <span class='ocrx_word' id='word_1_56' title='bbox 1287 859 1349 923; x_wconf 80' lang='grc' dir='ltr'><strong>τῶν</strong></span> 
     </span>
     <span class='ocr_line' id='line_1_8' title="bbox 252 960 1351 1055; baseline -0.014 -21"><span class='ocrx_word' id='word_1_57' title='bbox 252 970 394 1055; x_wconf 87' lang='grc' dir='ltr'><strong><em>πατρίων</em></strong></span> <span class='ocrx_word' id='word_1_58' title='bbox 415 995 468 1054; x_wconf 92' lang='grc' dir='ltr'><strong><em>της</em></strong></span> <span class='ocrx_word' id='word_1_59' title='bbox 490 972 652 1051; x_wconf 77' lang='grc' dir='ltr'><strong><em>εόσεβειας</em></strong></span> <span class='ocrx_word' id='word_1_60' title='bbox 676 969 843 1051; x_wconf 72' lang='grc' dir='ltr'><strong><em>δογμάτων</em></strong></span> <span class='ocrx_word' id='word_1_61' title='bbox 862 960 1058 1049; x_wconf 77' lang='grc' dir='ltr'><strong>α’θότησιν,ι</strong></span> <span class='ocrx_word' id='word_1_62' title='bbox 1045 985 1083 1046; x_wconf 95' lang='grc' dir='ltr'><strong><em>ην</em></strong></span> <span class='ocrx_word' id='word_1_63' title='bbox 1105 960 1230 1023; x_wconf 85' lang='grc' dir='ltr'><strong><em>ου’δὲ</em></strong></span> <span class='ocrx_word' id='word_1_64' title='bbox 1197 982 1233 1023; x_wconf 90' lang='grc' dir='ltr'><strong>σε</strong></span> <span class='ocrx_word' id='word_1_65' title='bbox 1255 964 1351 1040; x_wconf 88' lang='grc' dir='ltr'><strong><em>λελη-</em></strong></span> 
     </span>
     <span class='ocr_line' id='line_1_9' title="bbox 252 1056 1356 1176; baseline -0.015 -41"><span class='ocrx_word' id='word_1_66' title='bbox 252 1074 344 1135; x_wconf 82' lang='grc' dir='ltr'><strong><em>θέναι</em></strong></span> <span class='ocrx_word' id='word_1_67' title='bbox 367 1073 457 1134; x_wconf 86' lang='grc' dir='ltr'><strong><em>δοκεῖ</em></strong></span> <span class='ocrx_word' id='word_1_68' title='bbox 474 1094 548 1153; x_wconf 86' lang='grc' dir='ltr'><strong><em>μοι,</em></strong></span> <span class='ocrx_word' id='word_1_69' title='bbox 570 1068 665 1150; x_wconf 83' lang='grc' dir='ltr'><strong><em>ἔγωγε</em></strong></span> <span class='ocrx_word' id='word_1_70' title='bbox 687 1066 843 1153; x_wconf 78' lang='grc' dir='ltr'><strong><em>ἔφασκον·</em></strong></span> <span class='ocrx_word' id='word_1_71' title='bbox 875 1063 921 1129; x_wconf 79' lang='grc' dir='ltr'><strong>ἔτι</strong></span> <span class='ocrx_word' id='word_1_72' title='bbox 942 1062 1017 1147; x_wconf 84' lang='grc' dir='ltr'><strong><em>γάρ</em></strong></span> <span class='ocrx_word' id='word_1_73' title='bbox 1027 1066 1180 1127; x_wconf 79' lang='grc' dir='ltr'><strong><em>ἐνταυθοῖ</em></strong></span> <span class='ocrx_word' id='word_1_74' title='bbox 1200 1056 1356 1176; x_wconf 85' lang='grc' dir='ltr'><strong><em>παρεῖναί</em></strong></span> 
     </span>
     <span class='ocr_line' id='line_1_10' title="bbox 250 1154 1351 1285; baseline -0.014 -50"><span class='ocrx_word' id='word_1_75' title='bbox 250 1194 285 1235; x_wconf 83' lang='grc' dir='ltr'><strong>σε</strong></span> <span class='ocrx_word' id='word_1_76' title='bbox 307 1172 481 1256; x_wconf 73' lang='grc' dir='ltr'><strong><em>μέμνημαι,</em></strong></span> <span class='ocrx_word' id='word_1_77' title='bbox 503 1175 559 1235; x_wconf 88' lang='grc' dir='ltr'><strong>καί</strong></span> <span class='ocrx_word' id='word_1_78' title='bbox 580 1170 698 1235; x_wconf 82' lang='grc' dir='ltr'><strong><em>ειδέναι</em></strong></span> <span class='ocrx_word' id='word_1_79' title='bbox 720 1170 832 1253; x_wconf 82' lang='grc' dir='ltr'><strong><em>σαφῶς</em></strong></span> <span class='ocrx_word' id='word_1_80' title='bbox 849 1168 1014 1285; x_wconf 77' lang='lat' dir='ltr'><strong>flpdapoiv</strong></span> <span class='ocrx_word' id='word_1_81' title='bbox 1037 1160 1148 1226; x_wconf 84' lang='grc' dir='ltr'><strong><em>κάοντα</em></strong></span> <span class='ocrx_word' id='word_1_82' title='bbox 1171 1162 1230 1240; x_wconf 85' lang='grc' dir='ltr'><strong><em>μὲν</em></strong></span> <span class='ocrx_word' id='word_1_83' title='bbox 1251 1154 1294 1221; x_wconf 72' lang='grc' dir='ltr'><strong><em>δ”τ</em></strong></span> <span class='ocrx_word' id='word_1_84' title='bbox 1318 1160 1351 1221; x_wconf 74' lang='grc' dir='ltr'><strong><em>ἓν</em></strong></span> 
     </span>
     <span class='ocr_line' id='line_1_11' title="bbox 246 1254 1402 1357; baseline -0.01 -22.971"><span class='ocrx_word' id='word_1_85' title='bbox 246 1274 365 1354; x_wconf 77' lang='grc' dir='ltr'><strong><em>,γαστρί</em></strong></span> <span class='ocrx_word' id='word_1_86' title='bbox 392 1273 562 1357; x_wconf 85' lang='grc' dir='ltr'><strong><em>μοχθηρά,</em></strong></span> <span class='ocrx_word' id='word_1_87' title='bbox 591 1273 646 1334; x_wconf 87' lang='grc' dir='ltr'><strong>καί</strong></span> <span class='ocrx_word' id='word_1_88' title='bbox 676 1269 830 1333; x_wconf 76' lang='grc' dir='ltr'><strong><em>αδδίνοντα</em></strong></span> <span class='ocrx_word' id='word_1_89' title='bbox 856 1266 895 1333; x_wconf 90' lang='grc' dir='ltr'><strong><em>τά</em></strong></span> <span class='ocrx_word' id='word_1_90' title='bbox 926 1270 980 1347; x_wconf 80' lang='grc' dir='ltr'><strong><em>τῆς</em></strong></span> <span class='ocrx_word' id='word_1_91' title='bbox 1010 1254 1227 1335; x_wconf 72' lang='lat' dir='ltr'><strong>noio3eibc⁶</strong></span> <span class='ocrx_word' id='word_1_92' title='bbox 1206 1284 1273 1340; x_wconf 90' lang='grc' dir='ltr'><strong>αμα</strong></span> <span class='ocrx_word' id='word_1_93' title='bbox 1297 1282 1351 1320; x_wconf 90' lang='grc' dir='ltr'><strong>και</strong></span> <span class='ocrx_word' id='word_1_94' title='bbox 1364 1274 1402 1325; x_wconf 87' lang='grc'><strong>10</strong></span> 
     </span>
     <span class='ocr_line' id='line_1_12' title="bbox 206 1355 1351 1493; baseline -0.016 -56"><span class='ocrx_word' id='word_1_95' title='bbox 206 1444 208 1449; x_wconf 88' lang='lat'><em>.</em></span> <span class='ocrx_word' id='word_1_96' title='bbox 250 1370 364 1493; x_wconf 79' lang='grc' dir='ltr'><strong><em>ρῖθεΐας</em></strong></span> <span class='ocrx_word' id='word_1_97' title='bbox 388 1370 556 1455; x_wconf 90' lang='grc' dir='ltr'><strong><em>δόγματα,</em></strong></span> <span class='ocrx_word' id='word_1_98' title='bbox 578 1370 700 1436; x_wconf 83' lang='grc' dir='ltr'><strong><em>ἔστιδ’</em></strong></span> <span class='ocrx_word' id='word_1_99' title='bbox 721 1360 760 1431; x_wconf 78' lang='grc' dir='ltr'><strong>οὗ</strong></span> <span class='ocrx_word' id='word_1_100' title='bbox 782 1367 836 1432; x_wconf 90' lang='grc' dir='ltr'><strong>καί</strong></span> <span class='ocrx_word' id='word_1_101' title='bbox 858 1355 1104 1451; x_wconf 78' lang='grc' dir='ltr'><strong><em>ἐξερευγόμενον</em></strong></span> <span class='ocrx_word' id='word_1_102' title='bbox 1117 1360 1220 1426; x_wconf 86' lang='grc' dir='ltr'><strong><em>ταότά</em></strong></span> <span class='ocrx_word' id='word_1_103' title='bbox 1242 1382 1276 1476; x_wconf 64' lang='lat' dir='ltr'><strong>te</strong></span> <span class='ocrx_word' id='word_1_104' title='bbox 1298 1381 1351 1420; x_wconf 87' lang='grc' dir='ltr'><strong>και</strong></span> 
     </span>
     <span class='ocr_line' id='line_1_13' title="bbox 251 1451 1353 1556; baseline -0.015 -20"><span class='ocrx_word' id='word_1_105' title='bbox 251 1467 314 1538; x_wconf 79' lang='grc' dir='ltr'><strong><em>ὅσα</em></strong></span> <span class='ocrx_word' id='word_1_106' title='bbox 336 1462 402 1547; x_wconf 70' lang='grc' dir='ltr'><strong><em>τοίς</em></strong></span> <span class='ocrx_word' id='word_1_107' title='bbox 423 1474 522 1537; x_wconf 84' lang='grc' dir='ltr'><strong><em>πάλαι</em></strong></span> <span class='ocrx_word' id='word_1_108' title='bbox 549 1471 711 1556; x_wconf 88' lang='grc' dir='ltr'><strong><em>σποράδην</em></strong></span> <span class='ocrx_word' id='word_1_109' title='bbox 734 1494 785 1533; x_wconf 91' lang='grc' dir='ltr'><strong>και</strong></span> <span class='ocrx_word' id='word_1_110' title='bbox 809 1468 886 1532; x_wconf 88' lang='grc' dir='ltr'><strong><em>κατά</em></strong></span> <span class='ocrx_word' id='word_1_111' title='bbox 921 1463 1098 1551; x_wconf 84' lang='grc' dir='ltr'><strong><em>διαφόρους</em></strong></span> <span class='ocrx_word' id='word_1_112' title='bbox 1122 1460 1195 1535; x_wconf 75' lang='grc' dir='ltr'><strong><em>τοὺς</em></strong></span> <span class='ocrx_word' id='word_1_113' title='bbox 1215 1451 1353 1543; x_wconf 88' lang='grc' dir='ltr'><strong><em>χρόνους</em></strong></span> 
     </span>
     <span class='ocr_line' id='line_1_14' title="bbox 252 1558 1353 1693; baseline -0.017 -56"><span class='ocrx_word' id='word_1_114' title='bbox 252 1572 404 1693; x_wconf 79' lang='grc' dir='ltr'><strong><em>αἱρέσεως</em></strong></span> <span class='ocrx_word' id='word_1_115' title='bbox 426 1568 557 1657; x_wconf 75' lang='grc' dir='ltr'><strong><em>εὕρηται</em></strong></span> <span class='ocrx_word' id='word_1_116' title='bbox 590 1573 742 1653; x_wconf 84' lang='grc' dir='ltr'><strong><em>πολυειδη</em></strong></span> <span class='ocrx_word' id='word_1_117' title='bbox 764 1572 874 1643; x_wconf 90' lang='grc' dir='ltr'><strong><em>κακίας</em></strong></span> <span class='ocrx_word' id='word_1_118' title='bbox 899 1565 1124 1648; x_wconf 81' lang='grc' dir='ltr'><strong><em>όπομνὴματα.</em></strong></span> <span class='ocrx_word' id='word_1_119' title='bbox 1177 1558 1198 1624; x_wconf 84' lang='grc' dir='ltr'><strong><em>ά</em></strong></span> <span class='ocrx_word' id='word_1_120' title='bbox 1220 1583 1272 1622; x_wconf 90' lang='grc' dir='ltr'><strong>και</strong></span> <span class='ocrx_word' id='word_1_121' title='bbox 1294 1582 1353 1638; x_wconf 91' lang='grc' dir='ltr'><strong><em>μι-</em></strong></span> 
     </span>
     <span class='ocr_line' id='line_1_15' title="bbox 250 1663 1351 1757; baseline -0.012 -22"><span class='ocrx_word' id='word_1_122' title='bbox 250 1671 325 1754; x_wconf 90' lang='grc' dir='ltr'><strong><em>κρόν</em></strong></span> <span class='ocrx_word' id='word_1_123' title='bbox 347 1666 476 1755; x_wconf 81' lang='grc' dir='ltr'><strong><em>όστερον</em></strong></span> <span class='ocrx_word' id='word_1_124' title='bbox 497 1677 657 1757; x_wconf 72' lang='grc' dir='ltr'><strong><em>γεγέννηκά</em></strong></span> <span class='ocrx_word' id='word_1_125' title='bbox 679 1696 711 1737; x_wconf 88' lang='grc' dir='ltr'><strong><em>τε</em></strong></span> <span class='ocrx_word' id='word_1_126' title='bbox 733 1670 765 1745; x_wconf 79' lang='grc' dir='ltr'><strong>ἐς</strong></span> <span class='ocrx_word' id='word_1_127' title='bbox 783 1674 941 1752; x_wconf 81' lang='grc' dir='ltr'><strong><em>προῦπτον</em></strong></span> <span class='ocrx_word' id='word_1_128' title='bbox 961 1692 1014 1730; x_wconf 93' lang='grc' dir='ltr'><strong>και</strong></span> <span class='ocrx_word' id='word_1_129' title='bbox 1010 1663 1173 1748; x_wconf 81' lang='grc' dir='ltr'><strong><em>ἔθρεψε,</em></strong></span> <span class='ocrx_word' id='word_1_130' title='bbox 1193 1684 1351 1743; x_wconf 87' lang='grc' dir='ltr'><strong><em>μαιεοοα-</em></strong></span> 
     </span>
     <span class='ocr_line' id='line_1_16' title="bbox 250 1758 1400 1856; baseline -0.007 -21"><span class='ocrx_word' id='word_1_131' title='bbox 250 1774 355 1853; x_wconf 81' lang='grc' dir='ltr'><strong><em>μόνων</em></strong></span> <span class='ocrx_word' id='word_1_132' title='bbox 377 1776 439 1835; x_wconf 84' lang='grc' dir='ltr'><strong><em>τοόν</em></strong></span> <span class='ocrx_word' id='word_1_133' title='bbox 471 1775 641 1856; x_wconf 81' lang='grc' dir='ltr'><strong><em>τηνικαῦτα</em></strong></span> <span class='ocrx_word' id='word_1_134' title='bbox 673 1766 909 1850; x_wconf 83' lang='grc' dir='ltr'><strong><em>δυναμένων</em></strong></span> <span class='ocrx_word' id='word_1_135' title='bbox 888 1793 977 1853; x_wconf 90' lang='grc' dir='ltr'><strong><em>αγειν</em></strong></span> <span class='ocrx_word' id='word_1_136' title='bbox 995 1769 1051 1830; x_wconf 89' lang='grc' dir='ltr'><strong>καί</strong></span> <span class='ocrx_word' id='word_1_137' title='bbox 1079 1770 1187 1850; x_wconf 83' lang='grc' dir='ltr'><strong><em>φέρειν</em></strong></span> <span class='ocrx_word' id='word_1_138' title='bbox 1208 1758 1261 1825; x_wconf 88' lang='grc' dir='ltr'><strong><em>τά</em></strong></span> <span class='ocrx_word' id='word_1_139' title='bbox 1269 1759 1353 1843; x_wconf 87' lang='grc' dir='ltr'><strong><em>πρά·</em></strong></span> <span class='ocrx_word' id='word_1_140' title='bbox 1334 1773 1400 1827; x_wconf 85' lang='grc'><strong>-15</strong></span> 
     </span>
     <span class='ocr_line' id='line_1_17' title="bbox 178 1863 1353 1959; baseline -0.008 -23"><span class='ocrx_word' id='word_1_141' title='bbox 178 1934 184 1953; x_wconf 63' lang='grc'><em>,</em></span> <span class='ocrx_word' id='word_1_142' title='bbox 252 1896 366 1956; x_wconf 88' lang='grc' dir='ltr'><strong><em>γματα.</em></strong></span> <span class='ocrx_word' id='word_1_143' title='bbox 380 1872 459 1935; x_wconf 90' lang='grc' dir='ltr'><strong>διὸ</strong></span> <span class='ocrx_word' id='word_1_144' title='bbox 483 1872 539 1934; x_wconf 92' lang='grc' dir='ltr'><strong>καί</strong></span> <span class='ocrx_word' id='word_1_145' title='bbox 559 1870 739 1959; x_wconf 75' lang='grc' dir='ltr'><strong><em>καθήρηται</em></strong></span> <span class='ocrx_word' id='word_1_146' title='bbox 773 1873 831 1951; x_wconf 80' lang='grc' dir='ltr'><strong><em>μὲν</em></strong></span> <span class='ocrx_word' id='word_1_147' title='bbox 854 1868 888 1934; x_wconf 92' lang='grc' dir='ltr'><strong><em>τό</em></strong></span> <span class='ocrx_word' id='word_1_148' title='bbox 910 1872 991 1950; x_wconf 77' lang='grc' dir='ltr'><strong><em>μέγα</em></strong></span> <span class='ocrx_word' id='word_1_149' title='bbox 1016 1891 1069 1929; x_wconf 89' lang='grc' dir='ltr'><strong>και</strong></span> <span class='ocrx_word' id='word_1_150' title='bbox 1097 1863 1282 1949; x_wconf 76' lang='grc' dir='ltr'><strong><em>περιβοητον</em></strong></span> <span class='ocrx_word' id='word_1_151' title='bbox 1299 1888 1353 1927; x_wconf 85' lang='grc' dir='ltr'><strong><em>τε</em></strong></span> 
     </span>
     <span class='ocr_line' id='line_1_18' title="bbox 250 1966 1352 2060; baseline -0.009 -25"><span class='ocrx_word' id='word_1_152' title='bbox 250 1995 366 2053; x_wconf 85' lang='grc' dir='ltr'><strong><em>μενος,</em></strong></span> <span class='ocrx_word' id='word_1_153' title='bbox 397 1969 637 2060; x_wconf 77' lang='grc' dir='ltr'><strong><em>οπγκαθῄρηται</em></strong></span> <span class='ocrx_word' id='word_1_154' title='bbox 668 1969 734 2035; x_wconf 86' lang='grc' dir='ltr'><strong><em>δ’</em></strong></span> <span class='ocrx_word' id='word_1_155' title='bbox 719 1966 787 2052; x_wconf 88' lang='grc' dir='ltr'><strong><em>άμα</em></strong></span> <span class='ocrx_word' id='word_1_156' title='bbox 810 1973 897 2057; x_wconf 78' lang='grc' dir='ltr'><strong><em>αόνῳ</em></strong></span> <span class='ocrx_word' id='word_1_157' title='bbox 917 1973 973 2034; x_wconf 88' lang='grc' dir='ltr'><strong>καί</strong></span> <span class='ocrx_word' id='word_1_158' title='bbox 1001 1966 1035 2033; x_wconf 90' lang='grc' dir='ltr'><strong><em>τό</em></strong></span> <span class='ocrx_word' id='word_1_159' title='bbox 1058 1968 1185 2030; x_wconf 80' lang='grc' dir='ltr'><strong><em>θεῖον’</em></strong></span> <span class='ocrx_word' id='word_1_160' title='bbox 1170 1972 1268 2028; x_wconf 90' lang='grc' dir='ltr'><strong><em>εκεινο</em></strong></span> <span class='ocrx_word' id='word_1_161' title='bbox 1290 1968 1352 2027; x_wconf 87' lang='grc' dir='ltr'><strong>θυ-</strong></span> 
     </span>
     <span class='ocr_line' id='line_1_19' title="bbox 252 2064 1364 2192; baseline -0.01 -55"><span class='ocrx_word' id='word_1_162' title='bbox 252 2073 444 2156; x_wconf 82' lang='grc' dir='ltr'><strong><em>σιαστὴριον,</em></strong></span> <span class='ocrx_word' id='word_1_163' title='bbox 470 2076 527 2137; x_wconf 79' lang='grc' dir='ltr'><strong><em>τοῦ</em></strong></span> <span class='ocrx_word' id='word_1_164' title='bbox 549 2076 629 2136; x_wconf 84' lang='grc' dir='ltr'><strong><em>θεοῦ</em></strong></span> <span class='ocrx_word' id='word_1_165' title='bbox 651 2070 938 2192; x_wconf 81' lang='grc' dir='ltr'><strong><em>ζωγραφοῦντος’</em></strong></span> <span class='ocrx_word' id='word_1_166' title='bbox 925 2096 958 2135; x_wconf 88' lang='grc' dir='ltr'><strong><em>εν</em></strong></span> <span class='ocrx_word' id='word_1_167' title='bbox 989 2071 1094 2143; x_wconf 74' lang='grc' dir='ltr'><strong><em>αὐτοῖς</em></strong></span> <span class='ocrx_word' id='word_1_168' title='bbox 1116 2070 1175 2149; x_wconf 81' lang='grc' dir='ltr'><strong>τὴν</strong></span> <span class='ocrx_word' id='word_1_169' title='bbox 1195 2064 1291 2182; x_wconf 85' lang='grc' dir='ltr'><strong><em>όργην</em></strong></span> <span class='ocrx_word' id='word_1_170' title='bbox 1315 2089 1364 2148; x_wconf 87' lang='grc' dir='ltr'><strong><em>ην</em></strong></span> 
     </span>
     <span class='ocr_line' id='line_1_20' title="bbox 252 2163 1353 2287; baseline -0.008 -51"><span class='ocrx_word' id='word_1_171' title='bbox 252 2170 305 2237; x_wconf 90' lang='grc' dir='ltr'><strong>διά</strong></span> <span class='ocrx_word' id='word_1_172' title='bbox 329 2171 364 2237; x_wconf 87' lang='grc' dir='ltr'><strong><em>τό</em></strong></span> <span class='ocrx_word' id='word_1_173' title='bbox 388 2177 444 2257; x_wconf 81' lang='grc' dir='ltr'><strong><em>τῆς</em></strong></span> <span class='ocrx_word' id='word_1_174' title='bbox 459 2176 607 2255; x_wconf 83' lang='grc' dir='ltr'><strong><em>α’σεβείας</em></strong></span> <span class='ocrx_word' id='word_1_175' title='bbox 627 2175 742 2258; x_wconf 79' lang='grc' dir='ltr'><strong><em>ταύτης</em></strong></span> <span class='ocrx_word' id='word_1_176' title='bbox 767 2170 859 2253; x_wconf 79' lang='grc' dir='ltr'><strong><em>ἔσχεν</em></strong></span> <span class='ocrx_word' id='word_1_177' title='bbox 882 2174 1044 2287; x_wconf 79' lang='grc' dir='ltr'><strong><em>α’θέμιτρν.</em></strong></span> <span class='ocrx_word' id='word_1_178' title='bbox 1089 2171 1157 2233; x_wconf 81' lang='grc' dir='ltr'><strong><em>ἐπει</em></strong></span> <span class='ocrx_word' id='word_1_179' title='bbox 1153 2168 1216 2229; x_wconf 87' lang='lat'><strong>33</strong></span> <span class='ocrx_word' id='word_1_180' title='bbox 1236 2163 1272 2228; x_wconf 91' lang='grc' dir='ltr'><strong><em>τό</em></strong></span> <span class='ocrx_word' id='word_1_181' title='bbox 1294 2168 1353 2245; x_wconf 80' lang='grc' dir='ltr'><strong><em>μὲν</em></strong></span> 
     </span>
     <span class='ocr_line' id='line_1_21' title="bbox 253 2253 1398 2359; baseline -0.007 -24"><span class='ocrx_word' id='word_1_182' title='bbox 253 2254 346 2337; x_wconf 82' lang='grc' dir='ltr'><strong><em>καλόν</em></strong></span> <span class='ocrx_word' id='word_1_183' title='bbox 369 2283 471 2337; x_wconf 88' lang='grc' dir='ltr'><strong><em>ποιειν</em></strong></span> <span class='ocrx_word' id='word_1_184' title='bbox 501 2278 664 2358; x_wconf 79' lang='grc' dir='ltr'><strong><em>προϊοῦσιν</em></strong></span> <span class='ocrx_word' id='word_1_185' title='bbox 689 2275 786 2359; x_wconf 88' lang='grc' dir='ltr'><strong><em>άπην,</em></strong></span> <span class='ocrx_word' id='word_1_186' title='bbox 807 2273 841 2337; x_wconf 90' lang='grc' dir='ltr'><strong><em>τό</em></strong></span> <span class='ocrx_word' id='word_1_187' title='bbox 872 2275 907 2336; x_wconf 81' lang='grc' dir='ltr'><strong><em>δὲ</em></strong></span> <span class='ocrx_word' id='word_1_188' title='bbox 939 2268 1033 2336; x_wconf 86' lang='grc' dir='ltr'><strong><em>κακόν</em></strong></span> <span class='ocrx_word' id='word_1_189' title='bbox 1065 2253 1192 2333; x_wconf 79' lang='grc' dir='ltr'><strong><em>ἀπεῖναι</em></strong></span> <span class='ocrx_word' id='word_1_190' title='bbox 1223 2265 1281 2328; x_wconf 86' lang='grc' dir='ltr'><strong><em>οόκ</em></strong></span> <span class='ocrx_word' id='word_1_191' title='bbox 1303 2257 1398 2349; x_wconf 58' lang='lat' dir='ltr'><strong>nmo</strong></span> 
     </span>
    </p>
   </div>
   <div class='ocr_carea' id='block_1_3' title="bbox 254 2366 1353 2561">
    <p class='ocr_par' dir='ltr' id='par_1_4' title="bbox 254 2366 1353 2561">
     <span class='ocr_line' id='line_1_22' title="bbox 255 2366 1352 2463; baseline -0.006 -26"><span class='ocrx_word' id='word_1_192' title='bbox 255 2374 466 2458; x_wconf 80' lang='grc' dir='ltr'><strong><em>α’νατρὲπεται</em></strong></span> <span class='ocrx_word' id='word_1_193' title='bbox 488 2381 542 2463; x_wconf 84' lang='grc' dir='ltr'><strong>καί</strong></span> <span class='ocrx_word' id='word_1_194' title='bbox 562 2384 728 2459; x_wconf 80' lang='grc' dir='ltr'><strong><em>συγχεῖται</em></strong></span> <span class='ocrx_word' id='word_1_195' title='bbox 749 2378 897 2461; x_wconf 86' lang='grc' dir='ltr'><strong><em>διηνεκως</em></strong></span> <span class='ocrx_word' id='word_1_196' title='bbox 914 2377 956 2438; x_wconf 82' lang='grc' dir='ltr'><strong><em>τά</em></strong></span> <span class='ocrx_word' id='word_1_197' title='bbox 973 2369 1180 2452; x_wconf 76' lang='grc' dir='ltr'><strong><em>Ῥωμαίων“</em></strong></span> <span class='ocrx_word' id='word_1_198' title='bbox 1165 2394 1247 2453; x_wconf 94' lang='grc' dir='ltr'><strong><em>ορων</em></strong></span> <span class='ocrx_word' id='word_1_199' title='bbox 1268 2366 1352 2452; x_wconf 87' lang='grc' dir='ltr'><strong><em>πρά-</em></strong></span> 
     </span>
     <span class='ocr_line' id='line_1_23' title="bbox 254 2468 1353 2561; baseline -0.007 -22"><span class='ocrx_word' id='word_1_200' title='bbox 254 2498 368 2557; x_wconf 85' lang='grc' dir='ltr'><strong><em>γματα,</em></strong></span> <span class='ocrx_word' id='word_1_201' title='bbox 389 2476 443 2540; x_wconf 88' lang='grc' dir='ltr'><strong>καί</strong></span> <span class='ocrx_word' id='word_1_202' title='bbox 462 2474 495 2540; x_wconf 92' lang='grc' dir='ltr'><strong><em>τό</em></strong></span> <span class='ocrx_word' id='word_1_203' title='bbox 519 2478 683 2558; x_wconf 86' lang='grc' dir='ltr'><strong><em>νενόμενον</em></strong></span> <span class='ocrx_word' id='word_1_204' title='bbox 703 2481 759 2561; x_wconf 80' lang='grc' dir='ltr'><strong><em>τῆς</em></strong></span> <span class='ocrx_word' id='word_1_205' title='bbox 782 2481 873 2551; x_wconf 87' lang='grc' dir='ltr'><strong><em>θείας</em></strong></span> <span class='ocrx_word' id='word_1_206' title='bbox 895 2475 990 2560; x_wconf 78' lang='grc' dir='ltr'><strong><em>ὀργῆς</em></strong></span> <span class='ocrx_word' id='word_1_207' title='bbox 1011 2472 1067 2536; x_wconf 86' lang='grc' dir='ltr'><strong><em>οόκ</em></strong></span> <span class='ocrx_word' id='word_1_208' title='bbox 1090 2468 1223 2555; x_wconf 80' lang='grc' dir='ltr'><strong><em>ἔγνωκεν</em></strong></span> <span class='ocrx_word' id='word_1_209' title='bbox 1244 2472 1353 2555; x_wconf 84' lang='grc' dir='ltr'><strong><em>α’πρα-</em></strong></span> 
     </span>
    </p>
   </div>
   <div class='ocr_carea' id='block_1_4' title="bbox 250 2776 1354 4132">
    <p class='ocr_par' dir='ltr' id='par_1_5' title="bbox 250 2776 1354 4132">
     <span class='ocr_line' id='line_1_24' title="bbox 254 2776 1353 2851; baseline -0.004 -17"><span class='ocrx_word' id='word_1_210' title='bbox 254 2781 372 2834; x_wconf 87' lang='lat' dir='ltr'><strong>aliennm</strong></span> <span class='ocrx_word' id='word_1_211' title='bbox 389 2781 506 2832; x_wconf 85' lang='lat' dir='ltr'><strong>abiiciat.</strong></span> <span class='ocrx_word' id='word_1_212' title='bbox 532 2782 607 2833; x_wconf 82' lang='lat' dir='ltr'><strong>affuit</strong></span> <span class='ocrx_word' id='word_1_213' title='bbox 627 2791 715 2834; x_wconf 89' lang='lat' dir='ltr'><strong>antem</strong></span> <span class='ocrx_word' id='word_1_214' title='bbox 733 2782 946 2851; x_wconf 80' lang='lat' dir='ltr'><strong>Agathangelns,</strong></span> <span class='ocrx_word' id='word_1_215' title='bbox 966 2776 1113 2835; x_wconf 66' lang='lat' dir='ltr'><strong>callistrati</strong></span> <span class='ocrx_word' id='word_1_216' title='bbox 1133 2779 1249 2831; x_wconf 85' lang='lat' dir='ltr'><strong>filiorum</strong></span> <span class='ocrx_word' id='word_1_217' title='bbox 1270 2779 1353 2832; x_wconf 89' lang='lat' dir='ltr'><strong>maior</strong></span> 
     </span>
     <span class='ocr_line' id='line_1_25' title="bbox 252 2850 1353 2928; baseline -0.001 -24"><span class='ocrx_word' id='word_1_218' title='bbox 252 2860 325 2905; x_wconf 83' lang='lat' dir='ltr'><strong>natu.</strong></span> <span class='ocrx_word' id='word_1_219' title='bbox 364 2867 443 2919; x_wconf 89' lang='lat' dir='ltr'><strong>quum</strong></span> <span class='ocrx_word' id='word_1_220' title='bbox 464 2868 530 2904; x_wconf 86' lang='lat' dir='ltr'><strong>vero</strong></span> <span class='ocrx_word' id='word_1_221' title='bbox 553 2862 665 2928; x_wconf 83' lang='lat' dir='ltr'><strong>uterque</strong></span> <span class='ocrx_word' id='word_1_222' title='bbox 683 2862 803 2919; x_wconf 88' lang='lat' dir='ltr'><strong>tempore</strong></span> <span class='ocrx_word' id='word_1_223' title='bbox 823 2855 936 2903; x_wconf 92' lang='lat' dir='ltr'><strong>animum</strong></span> <span class='ocrx_word' id='word_1_224' title='bbox 958 2853 1123 2918; x_wconf 78' lang='lat' dir='ltr'><strong>recepisset,</strong></span> <span class='ocrx_word' id='word_1_225' title='bbox 1144 2850 1212 2902; x_wconf 87' lang='lat' dir='ltr'><strong>alter</strong></span> <span class='ocrx_word' id='word_1_226' title='bbox 1234 2866 1293 2903; x_wconf 89' lang='lat' dir='ltr'><strong>curn</strong></span> <span class='ocrx_word' id='word_1_227' title='bbox 1310 2851 1353 2903; x_wconf 83' lang='lat' dir='ltr'><strong>al-</strong></span> 
     </span>
     <span class='ocr_line' id='line_1_26' title="bbox 250 2920 1352 2991; baseline -0.001 -16"><span class='ocrx_word' id='word_1_228' title='bbox 250 2932 312 2975; x_wconf 85' lang='lat' dir='ltr'><strong>tero</strong></span> <span class='ocrx_word' id='word_1_229' title='bbox 335 2938 395 2975; x_wconf 88' lang='lat' dir='ltr'><strong>suas</strong></span> <span class='ocrx_word' id='word_1_230' title='bbox 415 2926 581 2976; x_wconf 73' lang='lat' dir='ltr'><strong>narrationes</strong></span> <span class='ocrx_word' id='word_1_231' title='bbox 603 2920 814 2976; x_wconf 71' lang='lat' dir='ltr'><strong>communicabat</strong></span> <span class='ocrx_word' id='word_1_232' title='bbox 832 2940 911 2991; x_wconf 87' lang='lat' dir='ltr'><strong>quum</strong></span> <span class='ocrx_word' id='word_1_233' title='bbox 931 2925 963 2975; x_wconf 89' lang='lat' dir='ltr'><strong>de</strong></span> <span class='ocrx_word' id='word_1_234' title='bbox 982 2923 1043 2974; x_wconf 85' lang='lat' dir='ltr'><strong>aliis</strong></span> <span class='ocrx_word' id='word_1_235' title='bbox 1064 2923 1143 2974; x_wconf 92' lang='lat' dir='ltr'><strong>rebus</strong></span> <span class='ocrx_word' id='word_1_236' title='bbox 1165 2930 1219 2973; x_wconf 89' lang='lat' dir='ltr'><strong>tum</strong></span> <span class='ocrx_word' id='word_1_237' title='bbox 1239 2924 1352 2974; x_wconf 78' lang='lat' dir='ltr'><strong>maxime</strong></span> 
     </span>
     <span class='ocr_line' id='line_1_27' title="bbox 254 2994 1353 3063; baseline -0.005 -14"><span class='ocrx_word' id='word_1_238' title='bbox 254 2996 287 3049; x_wconf 88' lang='lat' dir='ltr'><strong>de</strong></span> <span class='ocrx_word' id='word_1_239' title='bbox 307 2994 440 3047; x_wconf 91' lang='lat' dir='ltr'><strong>calamitat</strong></span> <span class='ocrx_word' id='word_1_240' title='bbox 430 2996 510 3060; x_wconf 89' lang='lat' dir='ltr'><strong>tibus,</strong></span> <span class='ocrx_word' id='word_1_241' title='bbox 534 3012 598 3063; x_wconf 85' lang='lat' dir='ltr'><strong>quas</strong></span> <span class='ocrx_word' id='word_1_242' title='bbox 620 2997 726 3048; x_wconf 83' lang='lat' dir='ltr'><strong>fortuna</strong></span> <span class='ocrx_word' id='word_1_243' title='bbox 747 2996 973 3047; x_wconf 86' lang='lat' dir='ltr'><strong>incertiscasibns</strong></span> <span class='ocrx_word' id='word_1_244' title='bbox 995 2995 1040 3045; x_wconf 90' lang='lat' dir='ltr'><strong>dci</strong></span> <span class='ocrx_word' id='word_1_245' title='bbox 1064 2994 1197 3045; x_wconf 87' lang='lat' dir='ltr'><strong>ecclcsiae</strong></span> <span class='ocrx_word' id='word_1_246' title='bbox 1219 2994 1353 3062; x_wconf 77' lang='lat' dir='ltr'>rebusque</span> 
     </span>
     <span class='ocr_line' id='line_1_28' title="bbox 252 3064 1352 3133; baseline -0.001 -18"><span class='ocrx_word' id='word_1_247' title='bbox 252 3064 368 3133; x_wconf 86' lang='lat' dir='ltr'><strong>publicis</strong></span> <span class='ocrx_word' id='word_1_248' title='bbox 387 3065 538 3131; x_wconf 85' lang='lat' dir='ltr'><strong>inflixisset,</strong></span> <span class='ocrx_word' id='word_1_249' title='bbox 559 3069 609 3118; x_wconf 88' lang='lat' dir='ltr'><strong>deo</strong></span> <span class='ocrx_word' id='word_1_250' title='bbox 633 3083 677 3119; x_wconf 88' lang='lat' dir='ltr'><strong>eas</strong></span> <span class='ocrx_word' id='word_1_251' title='bbox 697 3068 851 3118; x_wconf 72' lang='lat' dir='ltr'><strong>admittente</strong></span> <span class='ocrx_word' id='word_1_252' title='bbox 875 3067 908 3117; x_wconf 93' lang='lat' dir='ltr'><strong>ob</strong></span> <span class='ocrx_word' id='word_1_253' title='bbox 930 3068 1098 3117; x_wconf 84' lang='lat' dir='ltr'><strong>eversionem</strong></span> <span class='ocrx_word' id='word_1_254' title='bbox 1111 3067 1261 3130; x_wconf 78' lang='lat' dir='ltr'><strong>patrimum</strong></span> <span class='ocrx_word' id='word_1_255' title='bbox 1283 3064 1352 3116; x_wconf 88' lang='lat' dir='ltr'><strong>reli.</strong></span> 
     </span>
     <span class='ocr_line' id='line_1_29' title="bbox 253 3136 1351 3206; baseline -0.002 -20"><span class='ocrx_word' id='word_1_256' title='bbox 253 3137 342 3206; x_wconf 76' lang='lat' dir='ltr'><strong>gionis</strong></span> <span class='ocrx_word' id='word_1_257' title='bbox 364 3136 523 3203; x_wconf 84' lang='lat' dir='ltr'><strong>dogmatum,</strong></span> <span class='ocrx_word' id='word_1_258' title='bbox 545 3154 622 3204; x_wconf 87' lang='lat' dir='ltr'><strong>quam</strong></span> <span class='ocrx_word' id='word_1_259' title='bbox 640 3155 674 3188; x_wconf 91' lang='lat' dir='ltr'><strong>ne</strong></span> <span class='ocrx_word' id='word_1_260' title='bbox 695 3138 747 3189; x_wconf 85' lang='lat' dir='ltr'><strong>tibt</strong></span> <span class='ocrx_word' id='word_1_261' title='bbox 766 3140 996 3206; x_wconf 88' lang='lat' dir='ltr'><strong>quidem,inquam</strong></span> <span class='ocrx_word' id='word_1_262' title='bbox 1015 3151 1075 3204; x_wconf 86' lang='lat' dir='ltr'><strong>ego,</strong></span> <span class='ocrx_word' id='word_1_263' title='bbox 1096 3138 1212 3203; x_wconf 88' lang='lat' dir='ltr'><strong>ignotam</strong></span> <span class='ocrx_word' id='word_1_264' title='bbox 1233 3152 1351 3187; x_wconf 82' lang='lat' dir='ltr'><strong>essear.</strong></span> 
     </span>
     <span class='ocr_line' id='line_1_30' title="bbox 253 3207 1350 3275; baseline -0.001 -16"><span class='ocrx_word' id='word_1_265' title='bbox 253 3208 347 3259; x_wconf 88' lang='lat' dir='ltr'><strong>bitror.</strong></span> <span class='ocrx_word' id='word_1_266' title='bbox 395 3209 501 3258; x_wconf 91' lang='lat' dir='ltr'><strong>memini</strong></span> <span class='ocrx_word' id='word_1_267' title='bbox 525 3210 594 3258; x_wconf 89' lang='lat' dir='ltr'><strong>enirn</strong></span> <span class='ocrx_word' id='word_1_268' title='bbox 621 3217 648 3258; x_wconf 89' lang='lat' dir='ltr'><strong>te</strong></span> <span class='ocrx_word' id='word_1_269' title='bbox 669 3217 732 3259; x_wconf 89' lang='lat' dir='ltr'><strong>tunc</strong></span> <span class='ocrx_word' id='word_1_270' title='bbox 754 3210 881 3275; x_wconf 91' lang='lat' dir='ltr'><strong>temporis</strong></span> <span class='ocrx_word' id='word_1_271' title='bbox 903 3210 1010 3259; x_wconf 84' lang='lat' dir='ltr'><strong>affuisse</strong></span> <span class='ocrx_word' id='word_1_272' title='bbox 1033 3216 1059 3257; x_wconf 87' lang='lat' dir='ltr'><strong>et</strong></span> <span class='ocrx_word' id='word_1_273' title='bbox 1077 3215 1201 3259; x_wconf 88' lang='lat' dir='ltr'><strong>accurate</strong></span> <span class='ocrx_word' id='word_1_274' title='bbox 1219 3207 1350 3258; x_wconf 83' lang='lat' dir='ltr'><strong>Palamarn</strong></span> 
     </span>
     <span class='ocr_line' id='line_1_31' title="bbox 255 3278 1351 3347; baseline 0 -18"><span class='ocrx_word' id='word_1_275' title='bbox 255 3279 427 3346; x_wconf 85' lang='lat' dir='ltr'><strong>cognovisse,</strong></span> <span class='ocrx_word' id='word_1_276' title='bbox 448 3294 527 3345; x_wconf 83' lang='lat' dir='ltr'><strong>quum</strong></span> <span class='ocrx_word' id='word_1_277' title='bbox 549 3295 698 3345; x_wconf 84' lang='lat' dir='ltr'><strong>praegnans</strong></span> <span class='ocrx_word' id='word_1_278' title='bbox 709 3280 758 3330; x_wconf 90' lang='lat' dir='ltr'><strong>iste</strong></span> <span class='ocrx_word' id='word_1_279' title='bbox 767 3280 847 3331; x_wconf 92' lang='lat' dir='ltr'><strong>rebus</strong></span> <span class='ocrx_word' id='word_1_280' title='bbox 866 3280 1028 3331; x_wconf 88' lang='lat' dir='ltr'><strong>calamitosis</strong></span> <span class='ocrx_word' id='word_1_281' title='bbox 1039 3280 1162 3347; x_wconf 86' lang='lat' dir='ltr'><strong>dogmata</strong></span> <span class='ocrx_word' id='word_1_282' title='bbox 1179 3278 1351 3344; x_wconf 80' lang='lat' dir='ltr'><strong>polytbeisrni</strong></span> 
     </span>
     <span class='ocr_line' id='line_1_32' title="bbox 254 3349 1351 3418; baseline -0.003 -19"><span class='ocrx_word' id='word_1_283' title='bbox 254 3349 386 3418; x_wconf 77' lang='lat' dir='ltr'><strong>simulque</strong></span> <span class='ocrx_word' id='word_1_284' title='bbox 399 3349 520 3400; x_wconf 85' lang='lat' dir='ltr'><strong>atheismi</strong></span> <span class='ocrx_word' id='word_1_285' title='bbox 535 3351 687 3415; x_wconf 82' lang='lat' dir='ltr'><strong>parturiret,</strong></span> <span class='ocrx_word' id='word_1_286' title='bbox 706 3352 838 3402; x_wconf 90' lang='lat' dir='ltr'><strong>interdum</strong></span> <span class='ocrx_word' id='word_1_287' title='bbox 851 3367 916 3402; x_wconf 90' lang='lat' dir='ltr'><strong>vero</strong></span> <span class='ocrx_word' id='word_1_288' title='bbox 933 3353 1010 3401; x_wconf 85' lang='lat' dir='ltr'><strong>etiam</strong></span> <span class='ocrx_word' id='word_1_289' title='bbox 1024 3365 1077 3401; x_wconf 90' lang='lat' dir='ltr'><strong>non</strong></span> <span class='ocrx_word' id='word_1_290' title='bbox 1091 3350 1177 3406; x_wconf 85' lang='lat' dir='ltr'><strong>solum</strong></span> <span class='ocrx_word' id='word_1_291' title='bbox 1196 3349 1263 3401; x_wconf 87' lang='lat' dir='ltr'><strong>haec</strong></span> <span class='ocrx_word' id='word_1_292' title='bbox 1272 3366 1351 3401; x_wconf 90' lang='lat' dir='ltr'><strong>eruc.</strong></span> 
     </span>
     <span class='ocr_line' id='line_1_33' title="bbox 253 3420 1352 3490; baseline -0.001 -18"><span class='ocrx_word' id='word_1_293' title='bbox 253 3429 339 3485; x_wconf 86' lang='lat' dir='ltr'><strong>taret,</strong></span> <span class='ocrx_word' id='word_1_294' title='bbox 367 3420 414 3472; x_wconf 87' lang='lat' dir='ltr'><strong>sed</strong></span> <span class='ocrx_word' id='word_1_295' title='bbox 437 3422 514 3471; x_wconf 88' lang='lat' dir='ltr'><strong>etiam</strong></span> <span class='ocrx_word' id='word_1_296' title='bbox 539 3420 714 3474; x_wconf 81' lang='lat' dir='ltr'><strong>multiformes</strong></span> <span class='ocrx_word' id='word_1_297' title='bbox 737 3431 816 3490; x_wconf 89' lang='lat' dir='ltr'><strong>atquc</strong></span> <span class='ocrx_word' id='word_1_298' title='bbox 836 3424 922 3474; x_wconf 84' lang='lat' dir='ltr'><strong>varias</strong></span> <span class='ocrx_word' id='word_1_299' title='bbox 940 3421 1139 3488; x_wconf 75' lang='lat' dir='ltr'><strong>improbitates,</strong></span> <span class='ocrx_word' id='word_1_300' title='bbox 1166 3437 1234 3489; x_wconf 88' lang='lat' dir='ltr'><strong>quae</strong></span> <span class='ocrx_word' id='word_1_301' title='bbox 1255 3423 1352 3488; x_wconf 85' lang='lat' dir='ltr'><strong>passim</strong></span> 
     </span>
     <span class='ocr_line' id='line_1_34' title="bbox 256 3492 1352 3561; baseline -0.002 -18"><span class='ocrx_word' id='word_1_302' title='bbox 256 3501 335 3561; x_wconf 85' lang='lat' dir='ltr'><strong>atque</strong></span> <span class='ocrx_word' id='word_1_303' title='bbox 357 3492 470 3544; x_wconf 86' lang='lat' dir='ltr'><strong>diversis</strong></span> <span class='ocrx_word' id='word_1_304' title='bbox 492 3492 655 3558; x_wconf 89' lang='lat' dir='ltr'><strong>temporibus</strong></span> <span class='ocrx_word' id='word_1_305' title='bbox 680 3493 851 3546; x_wconf 87' lang='lat' dir='ltr'><strong>aveteribus</strong></span> <span class='ocrx_word' id='word_1_306' title='bbox 876 3493 1019 3545; x_wconf 87' lang='lat' dir='ltr'><strong>haereticis</strong></span> <span class='ocrx_word' id='word_1_307' title='bbox 1041 3494 1167 3545; x_wconf 84' lang='lat' dir='ltr'><strong>inventae</strong></span> <span class='ocrx_word' id='word_1_308' title='bbox 1193 3500 1273 3560; x_wconf 86' lang='lat' dir='ltr'><strong>atque</strong></span> <span class='ocrx_word' id='word_1_309' title='bbox 1294 3509 1352 3543; x_wconf 89' lang='lat' dir='ltr'><strong>me.</strong></span> 
     </span>
     <span class='ocr_line' id='line_1_35' title="bbox 255 3562 1351 3647; baseline -0.004 -32"><span class='ocrx_word' id='word_1_310' title='bbox 255 3571 374 3615; x_wconf 85' lang='lat' dir='ltr'><strong>moratae</strong></span> <span class='ocrx_word' id='word_1_311' title='bbox 392 3570 462 3614; x_wconf 85' lang='lat' dir='ltr'><strong>sunt.</strong></span> <span class='ocrx_word' id='word_1_312' title='bbox 511 3562 581 3614; x_wconf 88' lang='lat' dir='ltr'><strong>haud</strong></span> <span class='ocrx_word' id='word_1_313' title='bbox 599 3565 636 3615; x_wconf 91' lang='lat' dir='ltr'><strong>ita</strong></span> <span class='ocrx_word' id='word_1_314' title='bbox 657 3564 740 3615; x_wconf 89' lang='lat' dir='ltr'><strong>multo</strong></span> <span class='ocrx_word' id='word_1_315' title='bbox 766 3573 827 3631; x_wconf 91' lang='lat' dir='ltr'><strong>post</strong></span> <span class='ocrx_word' id='word_1_316' title='bbox 847 3580 879 3615; x_wconf 89' lang='lat' dir='ltr'><strong>ea</strong></span> <span class='ocrx_word' id='word_1_317' title='bbox 905 3566 1011 3632; x_wconf 88' lang='lat' dir='ltr'><strong>peperit</strong></span> <span class='ocrx_word' id='word_1_318' title='bbox 1032 3572 1111 3647; x_wconf 81' lang='lat' dir='ltr'><strong>atque</strong></span> <span class='ocrx_word' id='word_1_319' title='bbox 1132 3566 1159 3615; x_wconf 92' lang='lat' dir='ltr'><strong>in</strong></span> <span class='ocrx_word' id='word_1_320' title='bbox 1177 3563 1265 3615; x_wconf 89' lang='lat' dir='ltr'><strong>lucem</strong></span> <span class='ocrx_word' id='word_1_321' title='bbox 1287 3580 1351 3632; x_wconf 90' lang='lat' dir='ltr'><strong>pro.</strong></span> 
     </span>
     <span class='ocr_line' id='line_1_36' title="bbox 256 3634 1352 3704; baseline 0.002 -19"><span class='ocrx_word' id='word_1_322' title='bbox 256 3634 331 3686; x_wconf 87' lang='lat' dir='ltr'><strong>duxit</strong></span> <span class='ocrx_word' id='word_1_323' title='bbox 350 3634 620 3687; x_wconf 89' lang='lat' dir='ltr'><strong>obsecundantibus&#39;</strong></span> <span class='ocrx_word' id='word_1_324' title='bbox 613 3636 657 3699; x_wconf 90' lang='lat' dir='ltr'><strong>ris,</strong></span> <span class='ocrx_word' id='word_1_325' title='bbox 680 3638 725 3704; x_wconf 90' lang='lat' dir='ltr'><strong>qni</strong></span> <span class='ocrx_word' id='word_1_326' title='bbox 743 3644 806 3687; x_wconf 89' lang='lat' dir='ltr'><strong>tunc</strong></span> <span class='ocrx_word' id='word_1_327' title='bbox 824 3651 872 3687; x_wconf 84' lang='lat' dir='ltr'><strong>suo</strong></span> <span class='ocrx_word' id='word_1_328' title='bbox 892 3636 1000 3687; x_wconf 90' lang='lat' dir='ltr'><strong>arbitrio</strong></span> <span class='ocrx_word' id='word_1_329' title='bbox 1018 3638 1107 3686; x_wconf 88' lang='lat' dir='ltr'><strong>omniu</strong></span> <span class='ocrx_word' id='word_1_330' title='bbox 1123 3636 1256 3687; x_wconf 88' lang='lat' dir='ltr'><strong>moderari</strong></span> <span class='ocrx_word' id='word_1_331' title='bbox 1273 3644 1352 3703; x_wconf 87' lang='lat' dir='ltr'><strong>pote.</strong></span> 
     </span>
     <span class='ocr_line' id='line_1_37' title="bbox 255 3707 1351 3775; baseline 0.002 -19"><span class='ocrx_word' id='word_1_332' title='bbox 255 3713 323 3756; x_wconf 78' lang='lat' dir='ltr'><strong>rant¹</strong></span> <span class='ocrx_word' id='word_1_333' title='bbox 345 3720 426 3772; x_wconf 87' lang='lat' dir='ltr'><strong>quaro</strong></span> <span class='ocrx_word' id='word_1_334' title='bbox 445 3720 568 3757; x_wconf 86' lang='lat' dir='ltr'><strong>eversum</strong></span> <span class='ocrx_word' id='word_1_335' title='bbox 590 3714 630 3758; x_wconf 89' lang='lat' dir='ltr'><strong>est</strong></span> <span class='ocrx_word' id='word_1_336' title='bbox 648 3708 789 3759; x_wconf 84' lang='lat' dir='ltr'><strong>maximnm</strong></span> <span class='ocrx_word' id='word_1_337' title='bbox 811 3717 890 3775; x_wconf 88' lang='lat' dir='ltr'><strong>atque</strong></span> <span class='ocrx_word' id='word_1_338' title='bbox 899 3708 1102 3759; x_wconf 79' lang='lat' dir='ltr'><strong>celeberrimum</strong></span> <span class='ocrx_word' id='word_1_339' title='bbox 1120 3707 1257 3773; x_wconf 91' lang='lat' dir='ltr'><strong>templum,</strong></span> <span class='ocrx_word' id='word_1_340' title='bbox 1272 3724 1351 3760; x_wconf 86' lang='lat' dir='ltr'><strong>ever-</strong></span> 
     </span>
     <span class='ocr_line' id='line_1_38' title="bbox 256 3774 1352 3844; baseline 0 -15"><span class='ocrx_word' id='word_1_341' title='bbox 256 3791 313 3829; x_wconf 81' lang='lat' dir='ltr'><strong>sum</strong></span> <span class='ocrx_word' id='word_1_342' title='bbox 333 3784 373 3827; x_wconf 90' lang='lat' dir='ltr'><strong>est</strong></span> <span class='ocrx_word' id='word_1_343' title='bbox 394 3792 496 3827; x_wconf 85' lang='lat' dir='ltr'><strong>sacrum</strong></span> <span class='ocrx_word' id='word_1_344' title='bbox 508 3774 575 3828; x_wconf 90' lang='lat' dir='ltr'><strong>illud</strong></span> <span class='ocrx_word' id='word_1_345' title='bbox 592 3777 676 3829; x_wconf 88' lang='lat' dir='ltr'><strong>altare</strong></span> <span class='ocrx_word' id='word_1_346' title='bbox 695 3780 773 3830; x_wconf 93' lang='lat' dir='ltr'><strong>deo&#39;</strong></span> <span class='ocrx_word' id='word_1_347' title='bbox 767 3794 833 3831; x_wconf 91' lang='lat' dir='ltr'><strong>rram</strong></span> <span class='ocrx_word' id='word_1_348' title='bbox 852 3796 925 3831; x_wconf 92' lang='lat' dir='ltr'><strong>snam</strong></span> <span class='ocrx_word' id='word_1_349' title='bbox 941 3778 1050 3830; x_wconf 85' lang='lat' dir='ltr'><strong>inhisce</strong></span> <span class='ocrx_word' id='word_1_350' title='bbox 1067 3779 1147 3829; x_wconf 90' lang='lat' dir='ltr'><strong>rebus</strong></span> <span class='ocrx_word' id='word_1_351' title='bbox 1166 3779 1352 3844; x_wconf 86' lang='lat' dir='ltr'><strong>adumbrante,</strong></span> 
     </span>
     <span class='ocr_line' id='line_1_39' title="bbox 257 3846 1353 3918; baseline 0.005 -22"><span class='ocrx_word' id='word_1_352' title='bbox 257 3846 379 3915; x_wconf 86' lang='lat' dir='ltr'><strong>quamob</strong></span> <span class='ocrx_word' id='word_1_353' title='bbox 400 3848 528 3898; x_wconf 82' lang='lat' dir='ltr'><strong>nefariam</strong></span> <span class='ocrx_word' id='word_1_354' title='bbox 549 3848 615 3901; x_wconf 90' lang='lat' dir='ltr'><strong>hanc</strong></span> <span class='ocrx_word' id='word_1_355' title='bbox 633 3850 796 3916; x_wconf 87' lang='lat' dir='ltr'><strong>impietatem</strong></span> <span class='ocrx_word' id='word_1_356' title='bbox 817 3853 949 3917; x_wconf 84' lang='lat' dir='ltr'><strong>concepit</strong></span> <span class='ocrx_word' id='word_1_357' title='bbox 970 3866 1049 3918; x_wconf 90' lang='lat' dir='ltr'><strong>quum</strong></span> <span class='ocrx_word' id='word_1_358' title='bbox 1070 3858 1157 3901; x_wconf 90' lang='lat' dir='ltr'><strong>autem</strong></span> <span class='ocrx_word' id='word_1_359' title='bbox 1176 3852 1209 3901; x_wconf 89' lang='lat' dir='ltr'><strong>iis</strong></span> <span class='ocrx_word' id='word_1_360' title='bbox 1231 3853 1353 3917; x_wconf 85' lang='lat' dir='ltr'><strong>iampro-</strong></span> 
     </span>
     <span class='ocr_line' id='line_1_40' title="bbox 257 3919 1352 3989; baseline 0.002 -19"><span class='ocrx_word' id='word_1_361' title='bbox 257 3919 370 3970; x_wconf 89' lang='lat' dir='ltr'><strong>cedente</strong></span> <span class='ocrx_word' id='word_1_362' title='bbox 392 3926 511 3985; x_wconf 87' lang='lat' dir='ltr'><strong>tempore</strong></span> <span class='ocrx_word' id='word_1_363' title='bbox 530 3919 642 3973; x_wconf 89' lang='lat' dir='ltr'><strong>honeste</strong></span> <span class='ocrx_word' id='word_1_364' title='bbox 661 3937 741 3989; x_wconf 81' lang='lat' dir='ltr'><strong>agere</strong></span> <span class='ocrx_word' id='word_1_365' title='bbox 760 3936 814 3971; x_wconf 91' lang='lat' dir='ltr'><strong>non</strong></span> <span class='ocrx_word' id='word_1_366' title='bbox 833 3921 939 3985; x_wconf 89' lang='lat' dir='ltr'><strong>liceret,</strong></span> <span class='ocrx_word' id='word_1_367' title='bbox 961 3922 1008 3972; x_wconf 83' lang='lat' dir='ltr'><strong>sed</strong></span> <span class='ocrx_word' id='word_1_368' title='bbox 1027 3921 1147 3987; x_wconf 89' lang='lat' dir='ltr'><strong>improba</strong></span> <span class='ocrx_word' id='word_1_369' title='bbox 1165 3921 1284 3973; x_wconf 76' lang='lat' dir='ltr'><strong>facinora</strong></span> <span class='ocrx_word' id='word_1_370' title='bbox 1300 3936 1352 3972; x_wconf 90' lang='lat' dir='ltr'><strong>non</strong></span> 
     </span>
     <span class='ocr_line' id='line_1_41' title="bbox 258 3991 1354 4077; baseline 0.001 -35"><span class='ocrx_word' id='word_1_371' title='bbox 258 3996 369 4057; x_wconf 87' lang='lat' dir='ltr'><strong>possent</strong></span> <span class='ocrx_word' id='word_1_372' title='bbox 387 4004 441 4039; x_wconf 89' lang='lat' dir='ltr'><strong>non</strong></span> <span class='ocrx_word' id='word_1_373' title='bbox 460 3991 549 4053; x_wconf 90' lang='lat' dir='ltr'><strong>edere,</strong></span> <span class='ocrx_word' id='word_1_374' title='bbox 573 3991 729 4041; x_wconf 82' lang='lat' dir='ltr'><strong>iactnmt</strong></span> <span class='ocrx_word' id='word_1_375' title='bbox 690 4000 729 4042; x_wconf 91' lang='lat' dir='ltr'><strong>est</strong></span> <span class='ocrx_word' id='word_1_376' title='bbox 747 4000 776 4042; x_wconf 94' lang='lat' dir='ltr'><strong>ut</strong></span> <span class='ocrx_word' id='word_1_377' title='bbox 798 4000 928 4076; x_wconf 88' lang='lat' dir='ltr'><strong>perpetuo</strong></span> <span class='ocrx_word' id='word_1_378' title='bbox 950 4009 993 4043; x_wconf 89' lang='lat' dir='ltr'><strong>res</strong></span> <span class='ocrx_word' id='word_1_379' title='bbox 1011 3992 1129 4045; x_wconf 81' lang='lat' dir='ltr'><strong>Romana</strong></span> <span class='ocrx_word' id='word_1_380' title='bbox 1147 3994 1308 4077; x_wconf 89' lang='lat' dir='ltr'><strong>diriperetur</strong></span> <span class='ocrx_word' id='word_1_381' title='bbox 1329 4000 1354 4043; x_wconf 89' lang='lat' dir='ltr'><strong>et</strong></span> 
     </span>
     <span class='ocr_line' id='line_1_42' title="bbox 257 4060 1353 4132; baseline 0.001 -19"><span class='ocrx_word' id='word_1_382' title='bbox 257 4060 471 4126; x_wconf 88' lang='lat' dir='ltr'><strong>conturbaretur,</strong></span> <span class='ocrx_word' id='word_1_383' title='bbox 491 4076 579 4129; x_wconf 89' lang='lat' dir='ltr'><strong>neque</strong></span> <span class='ocrx_word' id='word_1_384' title='bbox 601 4077 719 4130; x_wconf 87' lang='lat' dir='ltr'><strong>unquam</strong></span> <span class='ocrx_word' id='word_1_385' title='bbox 741 4063 814 4114; x_wconf 87' lang='lat' dir='ltr'><strong>dei</strong></span> <span class='ocrx_word' id='word_1_386' title='bbox 807 4078 845 4114; x_wconf 90' lang='lat' dir='ltr'><strong>rra</strong></span> <span class='ocrx_word' id='word_1_387' title='bbox 870 4079 954 4132; x_wconf 90' lang='lat' dir='ltr'><strong>usquc</strong></span> <span class='ocrx_word' id='word_1_388' title='bbox 973 4065 1148 4131; x_wconf 85' lang='lat' dir='ltr'><strong>progrediens</strong></span> <span class='ocrx_word' id='word_1_389' title='bbox 1171 4067 1312 4132; x_wconf 86' lang='lat' dir='ltr'><strong>quiescere</strong></span> <span class='ocrx_word' id='word_1_390' title='bbox 1328 4066 1353 4114; x_wconf 89' lang='lat' dir='ltr'><strong>in</strong></span> 
     </span>
    </p>
   </div>
   <div class='ocr_carea' id='block_1_5' title="bbox 0 0 1526 4756">
    <p class='ocr_par' dir='ltr' id='par_1_6' title="bbox 0 0 1526 4756">
     <span class='ocr_line' id='line_1_43' title="bbox 0 0 1526 4756; baseline 0 0"><span class='ocrx_word' id='word_1_391' title='bbox 0 0 1526 4756; x_wconf 95' lang='lat' dir='ltr'><strong> </strong></span> 
     </span>
    </p>
   </div>
  </div>
 </body>
</html>
