3017 4759
237 197 458 267 ntsronmr
488 200 749 317 suzanutuuu
768 205 866 267 xxv.
889 187 956 272 13.
982 186 1048 271 tt.
1143 200 1191 269 37

88 362 153 425 τῶν
175 358 269 444 ἱερῶν
304 362 423 444 βίβλων
445 366 506 429 ταῖν
536 367 633 430 θείων
653 370 799 451 πατέρων
834 370 973 451 ἐλέγχειν
1007 371 1076 431 κατ’
1105 363 1192 449 ἴχνος

89 458 237 537 ἐπιόντας
252 455 376 527 inaura
385 491 395 543 ,·

143 624 148 629 .
192 562 260 628 Καί
280 562 400 649 μὲνδὴ
429 567 552 630 τοιαῦτ’
579 570 628 632 ἐπ’
660 571 742 650 ἐμοῦ
772 572 971 654 συνείροντος
1001 574 1058 635 τού
1085 570 1259 654 nepesin

89 668 143 727 καί
164 665 336 749 θεοφιλοῦς
357 666 381 702 ‘¹
408 662 527 730 ἐκείνου
550 668 681 753 α’νδρός,
712 672 769 733 καί
787 674 918 752 βίβλους
941 673 968 734 δ’
991 676 1090 737 ἐνίοτε
1112 671 1222 753 προ-ί.
1242 670 1331 727 103b·

25 856 28 861 .
58 764 271 842 5κομίζοντος
303 760 339 841 ἐς
368 789 401 829 τε
434 766 531 843 αύτδς
555 769 736 853 φιλοπόνως
767 768 800 835 ἐκ
828 770 930 856 πόσης
966 768 1192 856 ἐρανισόμενος

88 867 181 938 θείοις
199 871 327 950 γραφῆς
351 862 432 933 όπλα
455 878 520 945 τοῖς
538 872 728 945 ἐκεῖ’καλιύς
748 872 892 952 εύσέβεῖν
915 869 1117 954 αἱρουμένοις
1127 894 1191 952 χα-

71 966 222 1047 ρίζεται,
244 969 298 1031 καί
319 966 357 1041 ἐς
378 966 480 1051 ἕτερον
500 973 562 1034 τῶν
583 975 653 1037 ἐκεῖ
670 972 924 1053 προσοικούντων
937 974 1111 1055 ἐλλογίμων
1134 971 1192 1034 α’ν-

88 1066 176 1147 δροῑν
199 1064 380 1149 όρθοδόξων
411 1066 622 1150 ἐκδεδοόκαοι,
651 1081 737 1147 ταῖς·
747 1074 804 1137 τού
827 1076 973 1153 Παλαμᾶ
994 1072 1193 1147 κακοδοξίαις

88 1169 283 1289 περιφανῶς
300 1167 524 1254 αντιλέγοντες,
546 1172 683 1255 λόγος’
668 1199 700 1250 ες
722 1173 777 1247 τοὶς
800 1178 864 1238 soie
889 1176 1046 1297 Κρπρίων
1070 1174 1192 1253 ἐμπέπ-
1265 1210 1272 1221 ·

41 1280 189 1335 1οτωκεν
207 1264 305 1341 α’κοός
325 1293 366 1343 ως
388 1269 483 1335 λα’θοι
518 1271 638 1395 νύκτωρ
662 1274 890 1397 πριρειοελθων
916 1275 948 1348 ἐς
970 1269 1191 1350 Βοζόντιον“
1174 1295 1189 1334 ο

36 1372 40 1379 “
84 1364 241 1447 βασιλεύς
262 1371 549 1455 Καντακουζηνός,
579 1376 635 1437 καί
661 1372 718 1458 την
748 1374 985 1460 αύτοκρότορος
1005 1378 1070 1437 ἐλαι
1093 1379 1191 1455 βασι-

87 1470 177 1531 λείαν
197 1473 380 1551 συνεργίαις
402 1475 458 1536 και
481 1475 624 1557 δολεραῖς
644 1499 698 1540 του
686 1480 866 1557 Παλαμᾶ
887 1474 1191 1558 προκαταοτύοεσιν,

86 1564 202 1649 δρκονς
225 1568 396 1654 φρικοόδεις
421 1570 558 1656 ἐχέγγυα
580 1578 733 1658 πρότερον
749 1579 836 1664 αύτῷ
855 1576 1112 1661 παρασχόμενος,
1132 1580 1190 1657 βε-

86 1671 202 1749 βαιούν
225 1673 278 1735 καί
299 1675 416 1755 κυρούν
446 1673 502 1756 τὴν
527 1676 629 1739 αύτού
650 1679 824 1740 πολυθείαν
855 1676 909 1740 καί
929 1671 989 1741 όσα
1008 1678 1071 1740 τῶν
1091 1672 1190 1767 βεβη-

43 1782 76 1834 15
87 1775 152 1833 λων
174 1769 272 1835 αύτού
294 1778 513 1858 καινοφωνιιδν
537 1775 686 1861 εἰσερρύη
719 1777 800 1841 κατὰ
821 1780 878 1862 τῆς
899 1782 956 1842 τού
977 1781 1057 1842 θεοῦ
1078 1780 1190 1861 ἐκκλη-

86 1873 176 1949 σίας,
205 1869 321 1935 ταύτδν
349 1874 380 1935 δ’
400 1875 519 1962 εἰπεῖν,
549 1878 594 1952 εἰς
626 1874 701 1941 θεόν
733 1876 909 1958 ἐμωμοκοός
936 1872 972 1942 δν
993 1877 1190 1959 ἐξόμνυσθαι

87 1972 302 2055 ἐπηγγέλλετο.
346 1977 441 2038 τούτο
462 1979 612 2062 σφοδρῶς
638 1976 694 2041 τόν
716 1981 819 2064 σοφόν
843 1977 961 2044 ἐκεῖνον
982 1974 1111 2063 ἧνίαοεν
1134 1976 1192 2045 ἄν·

87 2072 161 2154 δρα,
174 2074 205 2135 Γ
203 2069 334 2156 εοόργιον
347 2072 401 2140 τόν
412 2082 579 2162 Λαπίθην,
605 2080 666 2161 ούχ
687 2071 734 2143 δτι
756 2078 812 2164 την
831 2084 998 2161 βασιλείαν
1019 2084 1083 2144 ἐλοι
1096 2086 1191 2146 Koa·
1217 2119 1220 2125 <

87 2173 292 2257 τακουζηνός,
317 2176 386 2241 αλλ’
410 2172 461 2241 ότι
482 2172 634 2255 τοιούτοις
655 2176 761 2263 δρκοις
781 2186 1038 2264 προκατειληπτο,
1061 2181 1191 2261 δέσμιος

41 2278 77 2331 2⁰
87 2281 160 2348 ταῖς
189 2277 248 2337 τού
270 2281 417 2357 Παλαμοῖ
443 2276 578 2362 γεγονιδς
597 2282 820 2365 ,δυσσεβείαις
867 2274 942 2345 ὅθεν
962 2278 1020 2354 τοὶς
1049 2283 1191 2363 γενναίας

86 2376 210 2449 ἐκείνας
226 2378 355 2455 ἐλπίδας
377 2378 497 2445 ούτωσί
519 2382 726 2465 ζημιούμενος
742 2380 780 2445 αλ
791 2375 826 2445 τό
842 2381 997 2466 ἡδόμενον
1013 2378 1143 2459 ἔβοσκον
1156 2383 1190 2445 ἐκ

86 2479 209 2538 notiori
234 2480 289 2561 τῆς
310 2482 436 2563 ψυχῆς,
458 2477 634 2565 ἤσχαλλεν,
656 2480 849 2569 ἐδυσφόρει,
878 2478 1020 2566 θόρυβον
1048 2477 1115 2564 εἶχε
1136 2484 1192 2545 καί
1261 2523 1272 2533 -

87 2570 187 2639 σόλον
210 2580 414 2646 παντοδαπὸν
434 2584 467 2646 ἐν
488 2585 589 2669 ψυχῇ.
633 2576 743 2668 ἤλπιζε
764 2580 824 2667 γόρ
842 2584 1084 2648 συνεκπλεύοειν
1106 2584 1190 2645 ἐκεῖ·

87 2900 149 2983 qui,
164 2912 244 2969 quum
263 2900 350 2951 omnia
372 2914 406 2949 ex
426 2898 509 2951 sacris
528 2899 667 2965 scripturis
680 2906 783 2967 patrum
801 2905 1011 2967 sanctorumper
1023 2867 1190 2965 siululave-

87 2972 168 3039 stigia
187 2971 327 3023 confutare
346 2968 448 3021 liceat?

158 3060 254 3111 Dum
273 3059 338 3111 talia
355 3059 420 3110 mihi
441 3060 526 3111 refert
544 3060 586 3111 vir
603 3058 652 3110 ille
668 3060 880 3125 sapientissimus
901 3057 1006 3126 deoque
1027 3058 1190 3132 carissimus,

87 3146 140 3183 nec
160 3145 215 3182 non
232 3132 363 3183 interdum
381 3130 465 3183 libros
479 3138 611 3199 apportat,
631 3145 710 3199 quum
730 3144 798 3198 quos
816 3131 875 3213 ipse
899 3128 982 3180 multo
1015 3145 1075 3180 cum
1101 3115 1188 3181 studio

89 3216 123 3253 ex
142 3209 199 3254 tota
217 3204 348 3269 scriptura
366 3219 441 3255 sacra
461 3202 574 3270 collegit
594 3210 620 3253 et
638 3216 686 3269 pro
706 3201 785 3253 armis
811 3202 862 3267 piis
882 3199 1047 3266 hominibus,
1067 3201 1113 3269 qui
1130 3200 1191 3252 illic

87 3272 226 3337 incolunt,
245 3275 436 3340 suppeditavit,
454 3283 508 3326 tum
528 3289 595 3341 quos
614 3272 661 3325 alii
681 3271 746 3323 clari
766 3279 845 3339 atque
865 3271 1007 3324 orthodoxi
1025 3270 1164 3325 insulae
1138 3288 1191 3324 vtrr

88 3346 182 3414 pravis
201 3344 323 3397 Palamae
342 3345 514 3412 opinionibus
534 3345 674 3396 manifesto
700 3344 820 3395 oblocuti
840 3343 1012 3409 ediderunt,
1017 3357 1107 3394 rumor
1125 3357 1191 3411 per-

90 3418 176 3489 fertur
195 3416 227 3467 ad
247 3416 371 3483 Cyprios,
392 3416 606 3469 Cantacuzenum
625 3419 812 3483 imperatorem
830 3424 912 3466 noctu
939 3414 1005 3466 clam
1031 3416 1191 3481 Byzantium

88 3481 241 3555 ingressum
261 3502 408 3555 occupasse
430 3490 607 3558 principatum
628 3487 734 3539 auxiliis
755 3494 782 3536 et
792 3486 933 3540 fallacibus
941 3486 1191 3555 praeparationibus

86 3558 223 3622 Palamae,
242 3561 285 3609 cui
304 3567 382 3611 antea
400 3558 537 3613 horribilis
564 3559 742 3617 iurisiurandi
761 3558 875 3626 pignore
900 3574 960 3611 sese
987 3558 1190 3619 obstrinxisset,

86 3630 134 3684 rel
150 3596 223 3697 quod,
237 3630 305 3681 idem
324 3639 364 3682 est
381 3646 430 3697 per
440 3632 516 3683 deum
530 3633 653 3695 iurasset,
671 3645 748 3699 quem
767 3630 872 3680 eiurare
885 3629 1068 3696 profitebatur,
1079 3644 1109 3680 se
1122 3643 1191 3680 con-

86 3705 251 3755 firmaturum
271 3717 330 3753 esso
349 3710 428 3769 atque
447 3704 609 3755 sanciturum
629 3700 835 3769 polytheismum
855 3716 1000 3769 omnesque
1020 3701 1077 3751 eius
1096 3699 1189 3767 proia-

87 3788 136 3827 uas
158 3780 240 3839 atque
259 3773 424 3841 irreligiosas
443 3775 589 3837 novitates,
610 3788 679 3841 quae
697 3775 724 3823 iu
742 3773 786 3824 dei
807 3772 969 3824 ecelesiam
961 3779 1081 3823 intrusae
1090 3779 1189 3823 essent

86 3847 140 3898 hoc
161 3843 281 3911 Georgio
300 3844 438 3911 Lapithae,
458 3846 655 3913 sapientissimo
674 3845 754 3908 viro,
774 3858 896 3911 magnam
903 3832 1017 3895 iniecit
1033 3843 1190 3906 tristitiam,

86 3933 141 3971 non
162 3916 233 3982 quod
253 3915 455 3969 Gantacuzenus
473 3914 649 3983 principatum
670 3922 837 3981 occupasset,
857 3916 904 3967 sed
923 3914 993 3983 quod
1012 3913 1060 3965 tali
1086 3914 1191 3965 iureiu-

88 3988 171 4042 rando
194 3987 321 4041 Palamae
336 3988 466 4054 impietati
484 3988 604 4039 addictus
623 3995 770 4040 teneretur
809 4001 892 4055 quare
910 3984 1190 4052 apraeclaraillaspe

88 4062 220 4127 deiectus,
240 4068 309 4127 quae
329 4058 399 4111 diu'
392 4072 443 4109 rum
463 4058 559 4110 mentis
577 4058 705 4113 laetitiam
724 4057 823 4124 alebat,
842 4073 925 4126 aegre
945 4058 1008 4109 tulit
1025 4055 1191 4135 indignatio-

90 4146 162 4195 nem,
181 4134 269 4187 animo
295 4131 380 4185 turbis
405 4130 514 4201 agitato
524 4131 656 4199 marisque
682 4132 765 4189 instar
779 4126 938 4189 aestuante.
975 4128 1098 4194 sperabat
1122 4123 1192 4193 enim

1207 4222 1221 4250 Ι
