3017 4759
361 243 437 325 use
506 216 512 223 ’
657 254 885 324 memnoni
914 188 1145 323 onaooanu

360 442 452 508 τερον
488 416 506 483 ό
540 416 646 503 σωτὴρ
680 417 763 482 τοῦτ’
797 418 921 483 έδεάινυ
952 416 987 481 τό
1020 420 1109 502 φῶς,
1154 414 1226 479 ἀλλ’
1263 409 1331 481 οὖν
1363 415 1463 498 πολλὴν

362 517 539 601 ἓπιδυμιάν
559 516 595 583 τό
615 520 749 602 πρᾶγμα
780 511 874 598 elza?
897 519 953 582 καί
974 516 1071 581 πάλιν
1097 514 1150 579 “ei
1171 519 1200 580 δ’
1225 515 1393 601 ἀμυδράν
1411 540 1462 579 ται

360 622 424 683 τῶν
443 619 622 701 μελλόντων
644 614 662 681 δ
683 618 812 704 Πέτρος
833 616 912 682 ἴδιόν
933 618 1050 694 εἰκόνα,
1072 616 1169 683 καλόν
1188 617 1280 681 ἐστιν
1304 614 1400 701 ἡμᾶς
1419 608 1461 679 δότ

362 713 444 785 εἶναι
466 718 539 806 ἔφη,
563 722 597 787 τό
616 716 654 785 ἀν
673 744 720 795 τις
742 718 814 805 εἴπῃ
837 716 913 783 ὅταν
935 717 1013 803 urire}
1039 721 1101 784 τῶν
1122 718 1334 804 πραγμάτων
1356 716 1379 801 ἤ
1403 717 1460 796 rili-

362 824 442 899 θεια
461 820 679 906 παραγένηται
690 819 718 901 ,·”
740 820 797 885 καέ
820 820 915 885 πάλιν
938 817 1187 902 “ε’θεασάμεδα”
1209 820 1301 907 φησί
1321 817 1401 903 “fejer
1422 819 1464 882 δέ·

359 926 418 999 ξαν
441 908 556 998 αὐτοῦ,
568 921 624 985 οὐκ
647 918 685 985 ἀν
704 921 900 1004 θεασάμενοι
927 924 957 985 εἰ
974 919 1020 1005 μὴ
1039 919 1095 985 διά
1110 922 1168 985 rod
1190 921 1391 1007 συντρόφου
1411 921 1458 983 ου’-

359 1045 460 1105 ματος
480 1018 555 1105 ἤμῖν
578 1017 704 1107 ἀφθη.”
747 1022 803 1086 κατ’
820 1022 915 1085 πόλιν
929 1018 991 1086 “cia
1009 1020 1165 1105 θέλωμεν,
1187 1023 1248 1087 καί
1268 1019 1372 1105 ἡμεῖς
1394 1021 1456 1101 όψό

358 1126 447 1204 peda
468 1119 523 1185 τόν
546 1122 685 1207 Χριστόν
693 1169 706 1199 ,,
736 1120 795 1201 οόχ
827 1118 927 1197 οὕτως
959 1118 1004 1198 οἷς
1026 1119 1055 1185 οἶ
1085 1119 1262 1187 ἀπόστολοι
1282 1120 1371 1201 τότε,
1394 1120 1455 1185 ἀλλο

358 1225 469 1309 πολλῷ
490 1222 730 1308 λαμπρότερον·
773 1222 811 1285 οὖ
831 1223 893 1309 γάρ
915 1221 1015 1299 οὕτως
1034 1220 1167 1309 ὕστερον
1188 1220 1293 1306 effer?

292 1339 348 1393 n
452 1322 499 1387 ,Εἰ
522 1318 577 1388 οάν
596 1322 745 1409 λαμπρόν
768 1323 828 1405 μὲν
850 1322 1027 1410 όΧριστός
1051 1325 1191 1389 ἐνταῦθα
1208 1322 1248 1389 τό
1273 1328 1354 1411 φῶς
1373 1327 1464 1398 ἐκεῖνον

360 1422 494 1504 δέδειχε,
517 1424 788 1509 λαμπρότερονδ
814 1418 871 1488 οάν
900 1425 932 1499 ές
951 1422 987 1488 τό
1008 1422 1124 1505 μέλλον
1149 1430 1216 1499 τοῖς
1243 1422 1359 1509 άγιόις
1378 1425 1451 1501 δείξει

360 1524 505 1611 ἀνδράσι,
528 1522 710 1589 πιστευτέον
725 1524 844 1611 ἀνάγκη
863 1548 908 1612 τῳ
896 1525 1178 1610 Χρυσορρήμονι
1199 1526 1413 1607 σωματικάτε
1414 1511 1464 1646 ρο,

359 1620 442 1690 εἶναι
460 1624 495 1691 τό
519 1628 588 1747 φῶς
608 1626 707 1688 έκεῖνο
729 1627 844 1746 σαφῶς
864 1648 1088 1710 παραινουντι,
1111 1625 1167 1689 και
1199 1623 1406 1710 ἀληθείας
1387 1655 1448 1749 αμα

360 1724 441 1812 δρόν
463 1724 568 1791 εἰκόνα
590 1724 646 1789 καὶ
670 1722 726 1788 οάκ
743 1723 840 1808 αότην
860 1721 916 1807 τήν
939 1722 1103 1807 ἀλήθειαν.
1146 1724 1228 1788 εἶδ’
1255 1718 1329 1803 οάν,
1354 1726 1448 1808 ἀνάγκη

357 1829 470 1891 λοιπόν
491 1827 547 1892 κατ’
563 1824 620 1912 τὴν
641 1828 697 1891 νόν
719 1822 893 1945 ἀφειμένην
912 1823 968 1889 καὶ
991 1824 1138 1889 ἀνοόσιον
1165 1824 1287 1909 ταάτην
1310 1828 1371 1890 τοῦ
1390 1829 1463 1895 llo-u

358 1928 448 2009 λαμά
480 1928 615 2011 θεότητα
645 1926 728 2023 πρὸξ
764 1922 801 1990 τό
832 1923 1053 2013 λαμπρότερόν
1080 1948 1115 1989 τε
1143 1949 1199 1991 και
1233 1922 1447 2012 υπερκεέμενο

360 2025 551 2105 ἀπαλλάξαι,
572 2052 626 2091 και
622 2026 800 2151 γενέσθαι
820 2022 855 2091 τό
883 2026 944 2108 μὲν
966 2022 1110 2090 ἀκτιστον
1133 2024 1365 2151 ἀκτιστάτερον
1381 2025 1447 2091 τόδ

359 2128 504 2195 ἀνοόσιον
533 2127 778 2214 ἀνουσιιότερον,
818 2127 873 2191 και
904 2125 972 2209 ἅμα
995 2125 1032 2191 τό
1060 2123 1177 2211 ὁρατόν
1208 2124 1447 2213 όρατότερον,ο’

354 2229 421 2317 χρὴ
441 2232 497 2295 και
517 2233 644 2297 τοιαῦθ’
673 2227 756 2304 ὅλως
775 2229 1006 2311 ἐνθυμεῖσθαι·
1010 2229 1086 2312 γοῦν
1111 2255 1131 2311 η
1155 2252 1211 2293 και
1231 2228 1362 2314 γλώττῃ
1385 2250 1447 2311 προ

359 2330 480 2417 φέρειν.
521 2333 669 2396 σκεπτέον
703 2331 738 2395 δὲ
756 2326 844 2411 ὅμως
873 2329 907 2396 τό
928 2326 966 2393 ἀν
997 2326 1046 2413 εἴη
1070 2328 1159 2393 τουτὶ
1180 2325 1200 2393 ό
1222 2330 1464 2413 φανταζόμεινςν

357 2433 416 2515 μὲν
440 2431 554 2517 ἀγνοεῖ,
579 2432 699 2516 ἀγνοῶν
720 2432 760 2497 δὲ
775 2434 972 2516 βλασφημεῖ,
993 2430 1198 2516 βλασφημῶν
1212 2432 1243 2493 δ’
1265 2430 1379 2520 ἀπατᾷ
1395 2427 1447 2499 soii

358 2534 511 2608 πολλοός·
554 2534 664 2617 πολλῷ
694 2530 755 2616 γάρ
785 2528 863 2615 ἡμῖν
892 2529 1155 2616 πρεπωδέστερον
1182 2532 1309 2594 τοιαῦτ’
1335 2531 1445 2616 ἐρευνᾶν

358 2626 563 2717 ἢΣωκρότην
584 2633 702 2695 ἐκεῖνον
721 2628 775 2696 τόν
793 2631 1036 2718 Σωφρονίσκου,
1057 2627 1145 2707 όστις
1165 2626 1226 2715 εἴη’
1239 2628 1352 2717 σοφός
1368 2627 1446 2711 ’Λθέ

362 2924 416 2971 tem
437 2917 585 2970 increatam
605 2924 632 2969 et
649 2915 868 2983 inessentialem,
896 2918 944 2971 sed
965 2933 1001 2969 ne
1025 2916 1211 2985 incorpoream
1239 2916 1365 2985 quidem.
1397 2915 1464 3026 timp

360 2989 409 3042 ille
432 2990 470 3041 itu
499 2988 573 3041 iere·
604 2989 627 3041 si
655 2988 865 3057 corporaliorem
891 2988 1014 3042 salrator
1036 2987 1119 3041 hano
1129 2987 1249 3041 ostendit
1276 2988 1386 3053 lucem,
1406 3002 1444 3038 aar

359 3076 483 3130 magnum
505 3058 665 3113 desiderium
684 3076 729 3111 res
749 3059 873 3112 habebat.
913 3068 940 3112 et
958 3076 1064 3113 rursus:
1088 3060 1112 3111 sl
1139 3060 1285 3111 nlraourum
1312 3060 1444 3112 tunnam

359 3132 503 3201 imaginem
522 3132 618 3187 videns
638 3131 750 3184 Petrus.
770 3130 893 3197 pulchre,
909 3133 1005 3201 inquit,
1023 3132 1061 3184 ibi
1083 3131 1225 3196 dubitatur,
1244 3132 1443 3214 quidquiaqma

351 3204 466 3287 dixerit,
487 3204 510 3253 si
529 3218 617 3255 rerum
630 3205 730 3255 veritus
742 3202 814 3254 iacta
833 3212 914 3256 esset.
952 3212 979 3255 et
995 3219 1103 3255 rursus·
1122 3203 1236 3256 vidimus
1253 3202 1376 3271 glorian
1394 3203 1444 3261 eius

359 3287 414 3325 non
433 3274 547 3325 vidimus
566 3274 619 3325 nisi
639 3290 687 3360 per
706 3275 858 3328 adiunctum
880 3290 977 3341 eorpus
995 3274 1073 3326 nobie
1093 3281 1286 3341 apparentem
1305 3281 1335 3325 et
1354 3286 1444 3325 rursu:

360 3342 542 3409 sivolemna,
563 3346 659 3413 stipsi
680 3346 831 3399 videbimus
850 3345 1002 3412 christum,
1029 3360 1084 3398 nou
1112 3354 1141 3398 ut
1168 3344 1289 3413 apostoli
1318 3342 1444 3411 stimat

359 3414 444 3467 multo
466 3415 672 3484 intelligentius.

460 3510 519 3565 llon
549 3512 618 3563 enim
647 3514 686 3565 sie
714 3522 808 3581 postea
835 3515 936 3569 ueniet.
973 3516 996 3566 ai
1015 3513 1098 3582 igitur
1115 3511 1283 3579 splendidum
1314 3513 1356 3567 ibi
1374 3515 1443 3567 lucer

360 3584 435 3637 illam
455 3584 580 3648 ostendit,
601 3583 810 3653 splendidiorem
829 3587 857 3637 in
877 3586 966 3638 intuso
987 3587 1086 3637 sanctis
1102 3585 1168 3637 viris
1188 3584 1326 3649 ostendet,
1347 3588 1443 3639 creder-

361 3658 422 3709 dum
447 3658 602 3711 necessario
636 3665 676 3709 est
701 3656 909 3723 chrysostomo,
938 3656 1149 3723 corporaliorem
1176 3670 1236 3707 esse
1267 3654 1364 3709 lucem
1387 3657 1443 3709 illu·

360 3736 453 3794 aperte
476 3729 631 3781 admonenti
651 3738 678 3781 et
695 3728 834 3781 obscurum
854 3728 976 3782 veritatis
995 3729 1153 3797 imaginem,
1170 3740 1224 3777 uon
1243 3728 1336 3793 ipsam
1358 3731 1443 3781 rerin-

359 3806 423 3850 tem.
460 3801 482 3851 si
503 3800 571 3853 haee
590 3802 627 3853 ita
646 3810 716 3866 sunt,
733 3803 889 3853 necessario
910 3802 990 3851 etiam
1012 3797 1351 3867 consequitursnhieetam
1370 3809 1396 3852 et
1410 3802 1442 3851 ir·

361 3869 531 3921 essentialem
561 3872 628 3923 hune
655 3870 777 3925 l'ulamae
796 3872 948 3925 deitatem
941 3886 968 3921 rn
993 3870 1200 3939 splendidiorem
1231 3877 1258 3921 et
1278 3874 1441 3939 superiettua

361 3941 505 4007 permutari
526 3952 552 3994 et
574 3958 608 3994 ex
626 3943 745 3995 increato
765 3943 824 3995 lieri
846 3942 1002 4004 increatus,
1023 3954 1056 3992 ex
1074 3934 1441 3996 inessentialliuesaentinlira

360 4018 388 4065 et
407 4027 442 4063 ex
460 4012 562 4066 visibili
581 4013 731 4078 risibilius,
752 4014 775 4066 si
797 4028 864 4079 opus
884 4023 926 4066 est
942 4012 1007 4066 talia
1027 4013 1135 4063 omnino
1154 4012 1313 4064 dicudicare
1329 4024 1378 4067 aut
1393 4030 1442 4067 rer-

356 4082 399 4137 ltis
419 4082 566 4150 explicare.
603 4091 719 4137 attamen
739 4085 882 4140 videndum
901 4094 951 4152 est,
971 4085 1034 4157 quid
1052 4083 1118 4137 illud
1137 4084 1182 4135 sit.
1225 4084 1273 4153 qui
1300 4084 1382 4155 dngrt
1405 4084 1443 4137 riti

356 4156 476 4229 aliquid,
494 4158 601 4227 nescit,
620 4157 666 4230 qui
684 4159 790 4228 nescit,
809 4156 930 4228 illudit,
936 4158 982 4230 qai
999 4155 1107 4223 illudit,
1132 4155 1243 4229 deeiplt
1280 4156 1370 4215 mutto
1388 4158 1442 4213 ιιίι
