3017 4759
295 249 518 320 msnomln
540 249 800 319 susurrum
813 250 908 317 xxm
923 233 1111 319 65-68.
1171 239 1246 322 ειε

147 422 262 484 νεσθοι
287 415 341 481 καί
361 414 415 482 τὸν
434 420 497 481 ταῖν
520 417 683 497 ὀνομάτων
705 419 737 495 ἐξ
753 401 888 501 ἀνάγκης
909 418 1087 500 πολυσχιδῆ
1113 416 1168 482 καί
1187 439 1247 481 πο·

146 520 301 604 λδτροπον
317 515 485 604 μερισμόν,
509 517 617 582 ὅποῖον
633 515 651 601 ἦ
667 520 728 582 τοῦν
746 517 909 602 διαφόρων
929 513 1246 604 πραγμάτωνδιέφο-

148 645 202 704 ρος
224 619 418 702 παραγωγὴ,
438 627 669 701 εελεσιουργεί,
703 616 869 698 δυνάμεως
900 616 981 700 λ’έγω
1011 615 1066 681 καί
1086 603 1249 700 certarat

148 724 306 805 ἐνεργείας
324 724 380 783 καί
400 717 505 804 φακός
528 719 583 784 καί
603 717 719 804 σοφίοις
748 722 804 782 καί
822 719 884 783 ταῖν
912 709 1071 798 ιοιοίκοον,
1095 721 1248 802 μονοειδῆ

122 829 205 908 deni
225 818 323 885 αιίιὸν
343 815 405 902 ἤδη
426 822 481 884 καί
497 818 695 902 μονότροπον
716 815 760 895 ὠς
782 819 911 901 ἀληθῶς
934 818 1054 902 δρόμον
1076 820 1109 882 έν
1129 821 1173 905 τῷ
1194 822 1248 902 τῆς

148 923 302 1006 ἀληθείας
334 925 441 1008 ἐκείνῳ
474 907 571 1007 πιδίρι
610 917 735 985 dedere.
789 923 1077 1003 περιγεγραμμένος
1107 919 1168 1004 γιίρ
1200 943 1248 995 τις

150 1017 224 1106 ὅρος
251 1019 382 1107 ἑκάστης
411 1022 522 1098 ου’σίας
544 1017 691 1103 δποὶρχον
709 1024 841 1086 ἕκαστον
857 1012 971 1102 ὄνομα,
1002 1009 1060 1084 καί
1076 1023 1151 1102 μιᾶς
1165 1022 1253 1105 idaci-¹

149 1146 241 1207 ιφιος
268 1125 514 1206 ἐπειλημμένον,
547 1121 602 1185 καί
626 1124 798 1186 συστέλλον
832 1120 1079 1206 δπανσδνγποεοῦυ
1106 1117 1142 1184 τὸ
1167 1118 1247 1205 πρὸς

149 1224 316 1306 ἀοριστίαν
348 1228 426 1298 τίνος
460 1224 559 1307 αιέἤς
586 1227 778 1304 κεχυμένον,
816 1219 924 1312 δαλοῖς
970 1219 1051 1286 κατὰ
1089 1219 1144 1286 τόν
1188 1222 1247 1285 α’ν-

105 1326 310 1408 sedprimus
344 1328 418 1388 νοῦν
462 1327 612 1408 πειρᾶται
655 1326 715 1402 μὲν
766 1324 845 1388 κοίπί
887 1328 942 1408 τῆς
980 1322 1314 1407 ὖπερηπλανμένηςθῦ

149 1427 269 1510 ἐκείνης
292 1429 383 1498 θείας
406 1424 518 1500 οδσίας
534 1422 605 1509 1τήν
625 1420 746 1489 ἑαυτοῦ
769 1422 909 1510 φυσικὴν
939 1423 1177 1510 α’πυφαίνεσθαι
1198 1424 1248 1486 κί-

150 1615 268 1710 κρίνέιί
285 1624 339 1690 καί
357 1627 499 1708 μερίζειν
528 1629 560 1701 ές
591 1621 766 1710 διαφόρους
799 1623 834 1689 τό
872 1622 905 1688 ἓν
937 1623 1153 1706 ίδιοτροπιάς,
1182 1625 1251 1688 ἄλλ’

151 1723 238 1811 ἔφθη
250 1727 325 1806 πρίν
342 1727 528 1806 δεδρακέναι
546 1722 661 1788 παθόν.
672 1727 813 1806 μερίζειν
826 1723 887 1810 γδρ
905 1723 1103 1806 ἐπειγόμενον
1124 1725 1172 1786 ἐπ’
1183 1720 1252 1807 ἴσης

107 1849 140 1905 15
151 1833 216 1902 ταῖς
235 1818 343 1900 ἄλλοις
363 1830 417 1890 καί
438 1822 496 1910 τήν
522 1828 692 1909 α’μέρισιον
713 1821 835 1911 έκείνρν
857 1831 912 1890 καί
940 1828 1033 1889 θείαν
1050 1819 1174 1904 οὐσίαν,
1197 1825 1252 1888 λε’·

151 1931 229 2011 lap-‘is
251 1929 405 1991 συσταλὲν
426 1926 479 1989 ὁπ’
511 1927 629 2011 έκείνιγς
657 1930 712 1990 καί
737 1927 816 2011 πρὸς
844 1927 960 2012 νοριὴν
988 1925 1138 2008 ὁμόνοιαν
1156 1948 1251 1989 συνε-

152 2027 252 2092 λάσαν
273 2026 328 2093 τόν
350 2024 555 2108 καλυόνυμόν
578 2049 610 2091 ιε
632 2027 954 2112 καίιπολυπροὶγμονα
982 2021 1146 2110 μερισμόν.
1192 2027 1252 2090 κοί-

152 2127 245 2212 nerto}
267 2137 481 2214 περιγραφαῖς
502 2127 668 2208 ὀνομάτων
692 2130 711 2213 ἦ
734 2134 809 2195 θεία
833 2132 888 2194 καί
909 2128 1161 2213 δπερηπλωμένη
1185 2124 1251 2213 φί-

146 2223 201 2305 ’σις
224 2233 326 2314 ἐκείνη
349 2230 513 2293 δουλευειν
532 2230 589 2292 edu
610 2226 706 2308 οἶδεν,
734 2227 753 2314 ἦ
776 2233 811 2294 δέ
834 2227 1013 2314 περιγραφή
1041 2227 1249 2312 περιληπτική
1260 2245 1279 2301 f,
1293 2246 1342 2304 146
1353 2262 1381 2303 v,
1395 2240 1413 2280 f

106 2347 198 2407 201oe
230 2334 351 2413 γίνεται
380 2332 437 2394 τοῦ
468 2329 676 2411 ὑποκειμένου
707 2334 849 2414 γναῖσις,
883 2327 940 2392 οιίι
963 2320 1003 2393 ἄν
1032 2345 1107 2392 ποτε
1129 2332 1250 2411 γένοιτο

150 2431 290 2516 γνωστὸν
309 2428 327 2493 i
346 2436 383 2518 τῇ
405 2432 499 2521 ου’σίρι
512 2434 653 2518 πέφυκεν
669 2432 924 2518 οἷπερίγραπιον·
947 2431 980 2495 ἓν
993 2423 1057 2514 ἄρα
1074 2434 1129 2496 καί
1148 2424 1252 2515 ἄγνον-

152 2555 225 2598 σιον
246 2532 264 2615 ἧ
285 2536 358 2595 θεία
381 2531 479 2619 φύσις
503 2534 614 2618 ἐκείνη,
637 2531 692 2597 καί
709 2533 791 2616 ὑπὲρ
814 2531 915 2597 πάντα
932 2531 1023 2616 λόγον
1045 2535 1100 2598 καί
1117 2529 1252 2613 ἔννοιαν,

152 2637 209 2699 καί
242 2634 348 2697 πᾶσαν
374 2632 568 2719 Παλαμικὴν
599 2635 809 2720 α’πσσειομένη
842 2636 1032 2720 περιεργίαν.
1086 2626 1157 2717 lips
1187 2631 1253 2718 paq'r

153 2820 296 2888 multiplex
318 2827 344 2872 et
363 2819 533 2873 multiformis
551 2821 648 2874 divisio
668 2819 773 2888 qualem
792 2835 879 2872 rerum
899 2821 1063 2873 diversarum
1079 2821 1185 2874 diversa
1203 2822 1253 2875 de.

68 2935 74 2940 .
156 2894 254 2945 rivatio
275 2892 454 2959 deductioque
473 2891 565 2957 elficit,
586 2894 627 2943 ris
648 2893 718 2957 dico,
739 2900 766 2943 et
779 2893 851 2944 vitae
872 2899 898 2942 ct
918 2891 1080 2944 eidcientiee
1101 2901 1128 2944 et
1145 2892 1252 2946 luminis

156 2971 183 3016 et
205 2963 358 3029 sapientiae
375 2971 402 3012 et
415 2962 519 3033 talium,
540 2961 686 3030 simplicem
707 2970 733 3014 et
752 2964 810 3029 ipsa
829 2963 880 3012 iam
904 2968 930 3011 et
954 2961 1112 3014 uniformem
1130 2964 1253 3028 prolecto
1280 2963 1283 2971 “

156 3047 260 3087 cursum
281 3034 307 3083 in
327 3032 376 3082 illo
406 3034 528 3086 veritatis
556 3048 647 3102 campo
674 3035 807 3086 decurrat.
853 3031 1067 3100 circumscriptus
1097 3041 1166 3084 euim
1193 3033 1253 3086 linis
1331 3095 1333 3104 .

157 3105 263 3174 quidam
283 3104 412 3170 cuiusque
426 3105 559 3156 essentiae
578 3113 723 3173 suppetens
738 3105 862 3171 quodque
877 3109 917 3153 est
930 3117 1025 3153 nomen
1042 3103 1110 3171 quod
1132 3112 1159 3155 et
1175 3119 1253 3156 unam

155 3175 346 3246 proprietatem
368 3175 438 3241 capit
457 3183 483 3226 ct
501 3191 660 3244 quocunque
680 3176 758 3225 modo
778 3174 913 3241 componit
926 3189 993 3241 quae
1013 3174 1150 3225 indefinite
1171 3176 1254 3228 effusa

131 3264 135 3272 ’
156 3255 227 3310 sunt,
247 3245 405 3314 simpliciter
426 3249 571 3298 secundum
599 3247 733 3298 hominum
754 3244 970 3314 intelligentiam.
1019 3254 1129 3299 conatur
1149 3246 1253 3314 quidem

156 3320 234 3370 etiam
255 3318 282 3368 in
301 3317 499 3384 simplicissima
518 3318 567 3369 illa
590 3317 707 3368 essentia
731 3316 822 3368 divina
841 3317 985 3366 motionem
1014 3331 1086 3368 suam
1106 3317 1254 3370 naturalem

156 3389 293 3441 declarare
322 3397 348 3439 et
378 3389 419 3441 vis
439 3390 535 3439 insitae
559 3397 695 3451 naturam,
715 3388 775 3438 dico
796 3387 865 3438 enim
885 3385 971 3450 illud,
990 3387 1061 3455 quod
1079 3389 1208 3441 discernit
1228 3387 1255 3441 εἰ

156 3460 250 3512 dividit
279 3474 359 3510 unum
385 3461 412 3510 in
442 3460 563 3511 diversas
584 3459 782 3528 proprietates,
803 3457 850 3510 sed
870 3458 1022 3526 priusquam
1051 3459 1141 3510 effecit
1159 3461 1255 3512 auecta
1342 3519 1349 3530 ,

157 3538 206 3590 est,
227 3545 285 3580 cnm
301 3531 369 3581 enim
389 3531 510 3582 dividere
529 3531 648 3582 studeret
662 3545 748 3596 neque
769 3529 867 3581 ceteris
882 3529 959 3580 etiam
975 3530 1116 3583 indivisam
1134 3530 1208 3582 illam
1228 3537 1255 3583 et

155 3599 271 3651 divinem
291 3603 443 3664 essentiam,
463 3601 532 3669 fugit
549 3600 616 3653 illud
636 3617 695 3652 esse
720 3595 752 3651 ab
774 3600 822 3651 illa
841 3601 1025 3665 compositum,
1046 3608 1073 3651 et
1090 3601 1117 3650 in
1138 3615 1254 3654 concor.

157 3670 224 3722 diam
242 3670 442 3738 intelligibilem
462 3673 628 3724 contraxisse
641 3673 802 3723 divisionem
820 3672 927 3722 nomina
948 3671 1136 3734 impedientem
1155 3678 1183 3722 ct
1204 3686 1253 3724 oc.

157 3741 362 3806 cupatissimam,
383 3751 409 3792 et
428 3745 551 3810 quoniam
572 3741 863 3809 circumscriptionibus
877 3739 1012 3807 nominum
1032 3741 1122 3793 divina
1141 3749 1169 3794 et
1186 3743 1252 3796 sim.

158 3809 305 3878 plicissima
323 3820 417 3863 natura
436 3813 484 3863 illa
503 3815 636 3866 inservire
655 3815 758 3877 nescit,
778 3811 990 3876 circumscriptio
1011 3818 1098 3863 autem
1113 3813 1271 3888 colligens·
1343 3875 1352 3888 ,

157 3889 198 3934 est
218 3882 350 3947 suppositi
374 3883 510 3948 cognitio,
538 3899 591 3934 non
612 3892 702 3951 potest
729 3883 857 3952 cognosci
883 3881 1081 3950 quodpropter
1111 3886 1254 3937 essentiam

156 3968 211 4005 nou
231 3960 272 4004 est
293 3951 528 4022 circumscriptum.
565 3970 644 4005 unum
657 3957 738 4022 igitur
759 3963 785 4006 et
804 3955 970 4020 incognitum
991 3962 1032 4006 cst
1050 3955 1140 4008 divina
1159 3963 1254 4008 natura

157 4022 215 4088 illa,
236 4031 263 4074 et
282 4037 361 4088 snpra
380 4036 483 4072 omnem
497 4023 676 4076 definitionem
691 4035 717 4077 ct
734 4023 941 4092 intelligentiam
956 4030 982 4075 et
1000 4041 1130 4092 respuens
1150 4040 1254 4078 omnem

158 4094 318 4148 Polamicam
339 4093 620 4170 curiositatem„quod
640 4098 768 4166 cognosci
787 4111 803 4146 a
821 4093 898 4146 nobis
912 4101 1001 4161 potest
1017 4098 1045 4148 in
1064 4097 1114 4147 deo
1134 4097 1191 4148 eius
1211 4096 1254 4148 ei.

156 4165 283 4221 'liciemiis
307 4161 470 4228 οιίλείλιαε,
496 4177 565 4232 quec
586 4173 714 4232 apparent
737 4165 869 4220 stinctae
896 4174 972 4235 suut,
997 4169 1023 4222 id
1041 4166 1118 4224 nobis
1137 4166 1255 4224 invicem
