3017 4759
310 258 382 335 ooo
432 268 436 275 ’
607 258 830 331 arcaruonr
860 258 1091 329 oanooaan
1184 334 1192 342 x
1268 296 1277 303 ,

311 428 340 492 d'
362 423 551 511 οὐδετέρως,
575 422 692 509 τρόπον
715 422 750 489 δέ
771 447 841 488 τινα
869 423 1143 511 τερατωδέστερον
1164 425 1222 492 καί
1245 424 1423 492 ἀλλόκοτον

309 524 391 597 κατὰ
411 525 468 611 τὴν
489 521 630 592 ἑκάστων
649 525 823 593 ἀδέσποτον
839 527 1012 613 βοόλησιν,
1034 520 1136 611 οἶμαι,
1155 531 1211 592 τοῦ
1231 530 1320 591 θεοῦ
1345 554 1423 614 συγ-

311 629 528 714 κεχωρηκότος
557 631 602 705 εἰς
632 630 723 693 τοῦτο
745 630 859 706 κακίας
882 628 1020 716 ῥαγῆναι
1039 626 1219 712 Ῥωμαίους
1253 627 1344 704 ὥστε
1370 627 1424 693 τόν

310 730 401 797 ἔνδον
421 732 477 814 τῆς
498 732 608 814 ψυχῆς
635 732 780 813 χειμῶνα
802 731 858 794 καί
879 728 935 813 τὴν
955 730 1041 813 ,περί
1058 728 1098 793 τά
1122 732 1198 793 θεῖα
1219 734 1280 814 τῆς
1302 732 1424 815 ἐκκλη-

177 843 259 901 atta
273 864 298 901 a.
311 832 383 907 σίας
406 829 548 916 δόγματα
570 830 715 914 ποικίλην
732 829 829 915 ξόλην
847 830 903 894 καί
925 830 1081 895 ἀστασίαν
1100 828 1153 893 διὰ
1173 834 1235 895 τῶν
1259 829 1326 909 ἔξω
1351 839 1447 895 τοι-5

310 932 409 998 οότων
422 931 594 1016 σχημάτων
617 934 804 1015 δηλοῦσθαι,
826 930 882 996 καί
900 933 992 1015 σφῶν
1010 930 1115 995 αὐτῶν
1136 929 1252 1007 αάτοός
1275 930 1422 996 αὐτόθεν

310 1026 392 1096 εἶναι
413 1031 629 1117 κατηγόρους,
660 1033 693 1096 ἐκ
717 1032 842 1117 πραότης
868 1028 964 1106 τόθός
988 1026 1096 1111 ὅψεοός
1118 1054 1152 1095 τε
1173 1030 1229 1095 κάλ
1250 1032 1420 1111 ἐντυχίας.

239 1133 364 1206 sossi
387 1128 496 1214 ιόσπερ
529 1131 583 1195 ἐπί
611 1132 771 1215 θαλάττης
780 1179 789 1210 ,
821 1128 952 1195 ἐπειδὰν
979 1133 1042 1196 τῶν
1063 1130 1227 1217 σφετέρων
1261 1130 1420 1217 ἀγκυρῶν

307 1229 546 1315 όρφονισθεῖσα
575 1232 653 1306 ναός
679 1231 811 1315 ἐξωοθῇ
840 1223 984 1312 πρδςτό
1016 1229 1168 1315 πέλαγος,
1200 1232 1331 1315 μυρίας
1361 1231 1421 1295 καί

309 1330 523 1417 ἀτεκμάρτους
540 1329 651 1395 ἀντλεῖ
667 1328 723 1406 τὰς
742 1331 862 1406 πλάνας
875 1333 931 1397 καί
946 1329 1018 1407 τοὺς
1033 1331 1206 1407 κινδύνους,
1228 1328 1315 1395 οὕτω
1336 1331 1418 1396 κάν·
1429 1343 1458 1396 td

307 1434 412 1497 ταῦθα
444 1424 513 1507 ἑνός
542 1430 674 1497 ἀτόπου,
692 1431 857 1509 δοθέντος,
883 1434 987 1524 μυρία
1015 1429 1057 1496 τὰ
1077 1427 1178 1496 ἀτοπα
1198 1430 1418 1518 ἠκολούθησε,

307 1527 519 1617 πρῶτονμξγ
548 1531 568 1617 ἦ
597 1536 660 1598 τῶν
684 1534 843 1619 μεγίστων
869 1536 904 1597 ἐκ
933 1534 1073 1597 παλαιοῦ
1102 1532 1158 1598 καί
1186 1533 1418 1619 περιβλέπτων

307 1636 471 1699 παλατίων
491 1634 548 1700 καί
569 1632 640 1699 ὅσοι
670 1638 733 1699 τῶν
754 1633 877 1711 τοότοις
891 1634 1135 1719 παραπλησίως,
1155 1635 1293 1713 ἐνδόξων
1316 1633 1418 1699 οἴκων

307 1736 516 1821 καθαίρεσις,
546 1736 602 1800 καί
630 1734 697 1819 ἅμα
725 1734 746 1821 ἦ
774 1739 837 1801 τῶν
864 1736 977 1800 κιόνων
1009 1737 1065 1801 καί
1085 1739 1148 1800 τῶν
1168 1734 1338 1800 ἐπιπέδων
1359 1736 1419 1800 καί

308 1837 460 1903 ποικιλων
480 1838 536 1901 καί
570 1838 765 1919 θαυμασίων
798 1836 982 1923 μαρμάρων
1013 1838 1282 1924 πιπρασκομένων
1304 1840 1456 1921 deque-15

308 1936 364 2022 κῆς
385 1938 465 2025 πρός
485 1936 520 2003 τό
534 1940 564 2005 Γ
566 1938 773 2021 αλατοόνυμον
795 1942 951 2025 φροόριον
974 1940 1138 2025 ἀπαγωγή,
1160 1939 1216 2003 καί
1235 1937 1257 2023 ἦ
1278 1943 1340 2023 τῆς
1362 1941 1416 2003 έν-

306 2041 418 2103 τεόθεν
436 2042 571 2125 χάριτος
598 2040 700 2107 ἐκεῖσε
730 2040 923 2120 penditote,
951 2040 1007 2103 καί
1041 2038 1103 2105 ὅσα
1130 2040 1249 2121 κόσμον
1272 2048 1417 2124 παρεῖχε

305 2142 346 2225 τῇ
367 2140 498 2226 μεγίστη
529 2140 626 2225 ταότῃ
650 2142 712 2203 τῶν
733 2139 857 2203 πόλεων
883 2139 939 2204 καί
967 2138 1155 2225 περιβόητον
1179 2136 1235 2223 τὴν
1257 2142 1415 2226 λαμπρό-

213 2320 215 2325 Ι
305 2265 400 2324 τητα·
446 2234 514 2305 εἶτα
535 2242 598 2306 τῶν
619 2238 715 2325 ἱερῶν
732 2241 788 2305 καί
798 2241 907 2306 θείων
928 2243 1008 2306 νεῶν
1028 2239 1144 2306 ὁπόσοι
1163 2243 1276 2323 μεῖζον
1297 2246 1417 2327 πολλῶ

305 2343 361 2424 τῆς
381 2343 445 2405 τῶν
465 2338 568 2429 ,οἴκων
595 2341 723 2406 ἐκείνων
744 2338 955 2427 περιφανείας
986 2349 1141 2427 παρεῖχον
1168 2344 1210 2429 τῇ
1246 2343 1343 2407 πόλει
1374 2340 1454 2415 τότε

305 2442 404 2519 κλέος.

235 2582 295 2635 50
407 2546 473 2609 Τοῦ
492 2548 521 2609 δ’
543 2540 622 2633 η’ρος
645 2545 825 2631 ἀρχομένου
847 2542 870 2613 ὅ,
885 2548 949 2610 τῶν
963 2546 1153 2630 Τριβαλλῶν
1175 2542 1317 2630 ἀρχηγός
1340 2546 1412 2609 ἔτε-

304 2642 415 2727 θνὴκει
440 2646 575 2730 Κράλης
595 2646 743 2730 Σερβίας,
764 2644 821 2710 καί
841 2644 985 2731 θόρυβον
1005 2643 1083 2725 ἔσχε
1101 2646 1158 2709 καί
1181 2643 1279 2728 ζάλην
1298 2644 1411 2708 ἐντεῦ-

966 2739 1161 2772 ‚..v·---·'⁴‘⁶-''

299 2947 519 3001 modo‘ncutrnm
544 2946 638 3000 horum
659 2947 799 3017 praeferre
814 2945 959 3014 ridemus,
987 2949 1034 3001 sed
1055 2948 1137 3002 alium
1154 2948 1241 3017 magis
1259 2946 1408 3002 absurdum

302 3028 328 3073 et
348 3020 518 3097 peregrinum
536 3034 584 3087 pro
595 3020 761 3088 singulorum
780 3019 849 3072 libiti
868 3020 1030 3089 arrogantia.
1051 3036 1128 3089 qnam
1144 3020 1177 3071 ad
1196 3022 1407 3104 pagversitatem

301 3091 434 3145 Romanos
452 3090 505 3141 labi
523 3099 552 3142 ut
567 3105 618 3158 ego
639 3092 744 3158 quidem
755 3093 852 3158 opinor
868 3092 933 3144 dens
951 3101 1096 3159 propterea
1115 3091 1225 3159 patitur,
1244 3100 1274 3141 nt
1293 3092 1406 3143 animo.

298 3178 356 3215 rum
374 3162 531 3227 pravitatem
551 3170 578 3213 et
595 3162 783 3215 ‘vehementem
797 3172 906 3230 propter
924 3164 1015 3215 divina
1035 3162 1169 3216 ecclesiae
1187 3162 1311 3229 dogmata
1330 3171 1405 3215 tear.

300 3239 429 3301 pestatem
449 3240 477 3284 ct
496 3231 673 3285 turbationem
694 3250 727 3287 ex
743 3236 891 3287 istiusmodi
919 3236 1038 3287 externis
1059 3234 1138 3286 rebns
1164 3242 1350 3304 cognoscant,
1372 3243 1404 3286 ct

299 3311 443 3372 propterea
469 3311 498 3354 ot
523 3306 679 3371 semetipsi
709 3307 833 3358 incusent
856 3306 943 3358 statim
973 3306 1109 3372 exprimo
1137 3305 1235 3355 iutuitu
1270 3312 1297 3355 et
1326 3321 1405 3357 earu.

300 3373 517 3445 quemadmodum
538 3384 625 3427 nutem
645 3378 673 3427 io
691 3378 768 3441 mari,
787 3378 891 3446 quando
906 3378 1013 3431 ancoris
1029 3378 1085 3427 suis
1105 3376 1197 3427 orbata
1218 3384 1258 3427 est
1274 3377 1353 3428 navis
1372 3378 1405 3428 in

299 3446 380 3498 altum
402 3459 434 3507 ea
453 3446 574 3513 proiecta
593 3446 744 3499 innumeras
777 3455 804 3499 et
828 3449 943 3501 infinitas
976 3448 1123 3499 errationes
1144 3455 1173 3498 et
1194 3445 1314 3517 pericula
1340 3447 1404 3511 init,

298 3520 334 3571 ita
353 3517 422 3584 apud
448 3515 511 3568 illos
539 3517 617 3567 unius
641 3519 681 3571 rei
708 3520 886 3585 perversitate
904 3526 1029 3585 recepta,
1055 3518 1123 3569 hane
1147 3518 1303 3569 innumerae
1329 3518 1405 3570 aliae

299 3597 409 3642 secutae
427 3596 497 3641 sunt.
535 3588 647 3655 primam
670 3590 738 3641 enim
752 3590 915 3656 amplissima
933 3590 1042 3657 antiqua
1060 3598 1087 3640 et
1105 3589 1281 3641 celeberrima
1300 3589 1404 3656 palatia

299 3668 326 3714 et
343 3659 396 3713 alia
415 3675 501 3729 aeque
519 3660 658 3727 splendida
677 3661 800 3713 aedificia
818 3662 952 3713 destructa
964 3668 1035 3724 snut,
1055 3669 1083 3712 et
1103 3660 1283 3712 columnarum
1303 3668 1331 3711 et
1350 3675 1404 3726 pa.

298 3733 474 3785 vimentorum
494 3732 587 3799 pulcra
605 3740 632 3783 et
652 3733 770 3785 miranda
788 3746 918 3785 marmora
937 3733 1045 3798 uendite
1066 3740 1092 3784 et
1112 3732 1240 3783 contiuuo
1263 3732 1296 3783 ad
1316 3731 1403 3785 Gaia.

297 3802 383 3855 torum
403 3802 542 3855 castollum
561 3810 758 3871 transportata,
783 3806 873 3873 itaque
894 3803 956 3856 irino
975 3802 1041 3855 illac
1068 3803 1156 3854 omnia
1174 3810 1330 3854 ornamenta
1349 3802 1404 3854 de·

299 3875 353 3927 lata
372 3881 442 3936 sunt,
464 3881 492 3925 et
510 3873 564 3925 alia
582 3890 650 3942 quaa
673 3876 764 3928 decori
785 3882 861 3927 erant
881 3874 943 3926 hnic
962 3875 1022 3927 urbi
1041 3873 1220 3941 amplissimae
1243 3881 1271 3924 et
1289 3882 1402 3942 propter

297 3944 465 4013 splendorem
488 3946 604 3995 omniura
624 3961 671 3998 ore
690 3946 834 3999 celebrata.
872 3948 989 4016 denique
1006 3946 1077 3998 idem
1094 3945 1192 3997 accidit
1205 3944 1290 3996 sacris
1309 3952 1339 3995 et
1356 3945 1403 3997 di.

296 4016 368 4069 vinis
387 4014 504 4081 templis,
526 4031 594 4083 quae
613 4016 696 4069 multo
716 4020 843 4069 maiorem
864 4033 942 4086 quam
962 4016 1144 4071 aedificiorum
1163 4013 1272 4072 illorum
1292 4016 1402 4086 magni.

299 4088 408 4141 lieentia
427 4086 485 4139 urbi
506 4086 683 4155 praebuerant
702 4088 898 4141 claritudinem.

399 4183 488 4236 l’riaao
515 4198 581 4237 raro
604 4184 779 4239 Triballorum
806 4189 933 4258 princeps
960 4189 1028 4244 obiit
1049 4187 1143 4245 craias
1169 4187 1291 4244 seritius.
1308 4214 1312 4221 ·
1328 4188 1402 4241 nnda
