3017 4759
283 238 359 321 224
617 261 843 337 memnoni
873 272 1103 343 omeonln

279 422 444 499 πλεισταις
471 428 747 507 συμπεπτωκότων
778 432 853 510 τοός
881 439 939 516 μὲν
970 442 1031 503 sois
1053 437 1225 525 οἰκητόρων
1247 442 1380 535 θανάτῳ

277 521 375 608 βιαίῳ
397 528 674 612 παραπομφθήνατ
697 537 924 619 συμπέπτωκε,
956 538 1030 616 τοός
1052 542 1087 607 δὲ
1107 551 1170 619 τοῖς
1194 545 1379 630 α’στυγοίτο-

242 632 329 685 ᾖσιν
352 624 386 697 ἐξ
407 622 590 707 αὐτομάτου
624 634 824 719 προδοθῆναι
854 636 1034 725 βαρβάροις
1070 644 1267 729 αόθημιρόν.
1319 652 1378 713 rod

277 718 337 806 γὰρ
361 728 520 804 βασιλέως
537 733 806 819 Κανταιιουζηνοῦ
825 736 886 822 πρό
911 741 994 806 τ’τιόν
1015 766 1077 807 που
1099 746 1200 827 δυοῖν,
1222 740 1265 822 οός
1287 744 1377 833 εἴρη-

281 846 343 907 ται,
364 829 442 905 μίαν
466 832 530 892 τοόν
551 828 762 919 ὀχυρωτέραν
784 836 854 903 ἐκεῖ
870 840 992 908 πόλεων
1015 843 1237 929 παρασχόντος
1267 851 1402 925 αότοῖς5

279 924 478 1010 οἰκητήριον,
514 924 594 995 ιόστο
624 930 710 1016 ἔχειν
738 938 1078 1027 succlamabimus
1113 946 1169 1011 καί
1186 954 1378 1033 συμμαχίαν

279 1024 450 1109 πρόχειρον
471 1029 551 1095 κατὰ
572 1038 801 1123 Παλαιολόγου
822 1044 878 1105 rori
903 1050 1060 1129 γαμβροῦ,
1082 1046 1161 1115 κατό
1185 1051 1296 1135 χιόραν
1316 1055 1378 1133 μέ-

268 1146 341 1187 νειν
366 1128 465 1191 αότοί
491 1155 526 1214 ys
547 1132 606 1196 οόκ
635 1127 771 1221 ἤνεγκαν
798 1145 856 1204 τοό
890 1149 1021 1229 λοιποό,
1052 1148 1132 1213 α’λλό
1160 1149 1239 1215 unsel
1263 1149 1373 1233 βραχό

276 1225 478 1308 παρεξιόντος
509 1233 575 1317 οἶοί,
609 1238 664 1300 καί
689 1238 869 1321 ληιζόμενοι
901 1242 975 1321 τοός
1002 1251 1064 1311 τιόν
1095 1252 1221 1333 ἔγγιστα
1255 1253 1375 1317 πόλεων

278 1321 397 1408 α’γροός
420 1330 534 1415 ἐφεξῆς
555 1334 661 1411 αότοῖς
684 1338 822 1421 α’νόρόσι
845 1367 879 1408 τε
901 1347 957 1409 καί
977 1346 1179 1435 ἀχθοφόροις
1209 1349 1300 1432 ζοόοις
1322 1352 1377 1417 καιΙ
1387 1365 1435 1419 10’

280 1428 438 1506 ποιμνίοις
458 1426 569 1516 ἅπασι,
592 1439 699 1502 πᾶσαν
721 1444 755 1504 όν
777 1446 897 1527 βραχεῖ
919 1446 977 1529 τήν
1006 1453 1061 1534 τῆς
1082 1450 1289 1539 Χερρονήσου
1316 1477 1377 1536 με·

159 1512 179 1550 *
277 1525 401 1610 ulysses
423 1527 598 1618 ἱππήλατον
609 1542 722 1624 σφίσιν
734 1542 843 1621 αὐτοῖς
865 1548 944 1611 α’όεοῖ
959 1550 1192 1637 κατεστήσαντο
1207 1558 1262 1620 καί
1274 1580 1377 1641 στρα-

275 1627 404 1693 τόπεδον
427 1626 600 1728 όπαιθρον,
623 1640 716 1704 oridia
736 1645 791 1725 τῆς
811 1644 988 1724 Ἀσιότιόος
1007 1654 1063 1735 γής
1082 1652 1137 1718 καί
1156 1651 1256 1720 πόλαι
1276 1652 1378 1741 συνή-

275 1728 356 1803 θους
380 1725 491 1810 αότοῖς
514 1735 693 1804 οἷπεοικόναι
717 1745 841 1810 δοκοῦν.
888 1746 936 1811 aad
959 1756 1013 1817 κατ’
1035 1753 1092 1837 τήν
1116 1753 1177 1819 α’πό
1203 1760 1259 1821 τοῦ
1283 1781 1375 1823 σεισ-

142 1827 341 1909 λ.118τ.μοό
365 1835 538 1921 συμφορὰν
561 1841 669 1905 datori
688 1840 840 1928 σύνεγγυς
864 1852 1070 1937 θεασόμενοι,
1090 1855 1227 1939 τάχιστα
1247 1856 1378 1942 εἰσεπή-
1387 1873 1421 1925 15

280 1930 381 2014 όησαν
401 1936 456 1997 καί
475 1936 564 2017 μάλα
587 1940 722 2028 ἀπονητί
741 1944 822 2025 pred
844 1953 905 2014 τοῖν
929 1956 1035 2020 οἰκιῶν
1064 1958 1296 2045 κατειλήφασιν
1316 1952 1377 2025 ὅσα

239 2027 320 2114 Βμή
343 2034 596 2123 καττχοόσθησαν
619 2042 802 2132 ηιρόηματα.
853 2051 909 2115 καί
934 2060 991 2118 rori
1008 2061 1122 2122 λοιποό
1145 2060 1225 2124 κατὰ
1256 2066 1376 2145 πλῆθος

277 2132 330 2193 αἐί
347 2135 549 2216 παρεξιόντες
571 2142 694 2206 ἐκεῖθεν
707 2146 764 2210 καί
788 2134 894 2215 πόσαν
918 2148 977 2240 ήδη
998 2156 1055 2240 τήν
1069 2162 1170 2244 μέχρι
1185 2164 1377 2225 πυλῶνΒν-

278 2231 409 2309 ζαντίων
430 2232 594 2322 ἐληίσαντο
625 2250 732 2311 τέλεον
761 2252 819 2335 γῆν
850 2256 906 2317 καί
927 2254 1097 2338 Ῥωμαίοις
1119 2255 1287 2343 όβαιοντό
1311 2290 1377 2328 πα-

277 2331 384 2417 ράπαν
414 2335 614 2423 τίργόσαντο.
674 2349 794 2434 φόρους
815 2346 850 2417 τε
879 2359 1035 2424 ἐπέθεσαν
1065 2358 1204 2439 οἷπόσαις
1225 2374 1294 2442 ταῖς
1314 2377 1421 2446 prs-20

279 2433 358 2511 ταξό
382 2437 502 2522 πόλεσι,
525 2444 755 2530 δεκαδάρχους·
770 2452 955 2540 βαρβάρους
977 2459 1033 2524 καί
1053 2461 1241 2548 ἐπιτρόπους
1263 2467 1377 2545 αόταῖς

276 2528 491 2616 ἐνοικίσαντις.
536 2543 605 2609 ἄλλ’
628 2547 698 2612 οὐδ’
718 2546 801 2617 οότω
824 2552 881 2640 τήν
897 2563 1028 2646 κομιδήν
1048 2560 1079 2628 οἱ
1098 2561 1231 2643 τάλανες
1254 2568 1377 2657 Θρᾷκες

276 2860 388 2933 bantur3
407 2868 440 2923 ad
460 2871 526 2929 alias
546 2880 616 2947 quod
632 2883 729 2937 attinet
754 2890 837 2943 muris
864 2892 891 2944 in
911 2893 1002 2947 orbern
1026 2898 1168 2954 destructis
1187 2910 1214 2954 et
1231 2902 1375 2957 domiciliis

276 2939 415 2993 maximam
434 2953 536 3011 partem
550 2950 677 3020 collapsis
697 2958 845 3012 incolarum
864 2979 925 3031 pars
941 2970 1019 3035 morti
1033 2970 1169 3025 violentae
1188 2975 1374 3041 committeba-

276 3018 335 3075 tur,
353 3027 415 3079 pars
433 3016 505 3069 ultro
531 3023 628 3077 ricinis
657 3026 776 3083 barbaris
805 3034 898 3086 eodem
923 3039 966 3089 die
990 3056 1019 3092 se
1043 3044 1171 3097 tradebat.
1214 3048 1376 3113 praebuerat

277 3083 347 3133 enim
364 3084 567 3145 cantacursnus
588 3108 713 3151 rorante
731 3102 797 3155 dnos
817 3105 874 3157 iere
893 3121 1041 3175 annos,·ut
1055 3115 1152 3167 dictum
1171 3125 1221 3183 cst,
1242 3133 1322 3171 unum
1341 3134 1375 3170 ex

277 3154 382 3235 oppidis
401 3160 459 3211 eius
477 3165 597 3229 regionis
617 3169 696 3222 valde
713 3176 884 3244 munitorum,
905 3182 975 3248 quod
993 3184 1026 3235 iis
1038 3196 1109 3239 esset
1127 3188 1299 3241 domicilium.
1322 3191 1374 3242 hoc

276 3224 360 3291 igitur
381 3230 459 3281 modo
478 3243 586 3298 paratae
604 3239 638 3289 iis
659 3253 734 3296 erant
750 3250 913 3303 munitiones
933 3261 961 3303 et
978 3257 1106 3309 auxilium
1125 3269 1217 3314 contra
1229 3262 1374 3314 Palaeolo.

277 3310 348 3362 gum,
368 3298 491 3366 affinem3
510 3305 538 3355 in
557 3311 670 3375 regione
688 3314 787 3369 diutius
806 3336 913 3375 manere
932 3325 984 3391 ipsi
1002 3328 1158 3385 noluerunt,
1180 3334 1226 3385 sed
1245 3333 1374 3400 paulatim

278 3376 424 3433 evagantes
442 3388 548 3441 semper
567 3387 593 3430 et
612 3381 769 3449 diripientes
790 3406 823 3441 ex
841 3394 1009 3449 finitimorum
1030 3404 1186 3469 oppidorum
1208 3407 1280 3473 agris
1300 3406 1373 3472 ipsos
1428 3424 1435 3431 “

275 3438 350 3489 viros
371 3440 497 3511 deinceps
516 3456 543 3498 et
560 3451 685 3506 animalia
704 3460 849 3514 sarcinaria
865 3474 891 3517 ct
912 3480 1003 3521 omnes
1026 3476 1115 3526 ovium
1134 3492 1242 3545 greges,
1269 3491 1373 3528 omnem

274 3508 352 3562 brevi
365 3511 560 3569 Chersonesum
579 3524 799 3583 mediterraneam
820 3538 895 3603 equis
912 3547 997 3605 aptam
1017 3544 1123 3599 sibimet
1142 3551 1207 3615 ipsis
1228 3548 1374 3601 reddebant

274 3588 356 3633 tutam
384 3591 422 3636 ct.
439 3597 526 3641 castra
544 3592 593 3643 sub
613 3594 675 3648 diuo
694 3608 776 3655 strata
801 3606 870 3659 nihil
894 3611 927 3661 iis
946 3612 1104 3671 videbantur
1123 3620 1264 3673 dissimilia
1286 3626 1374 3674 terrae

274 3651 410 3708 Asiaticae
429 3661 557 3730 priusque
578 3668 724 3731 consultae.
750 3675 842 3743 itaque
861 3680 1037 3739 calamitatem
1056 3706 1090 3742 ex
1109 3700 1197 3744 terrae
1215 3701 1289 3745 motu
1307 3708 1374 3761 pro·
1449 3734 1456 3741 ·

276 3723 372 3777 lectam
393 3733 512 3786 cominus
532 3739 689 3805 conspicati,
710 3744 851 3801 celerrime
869 3752 1003 3811 intrabant
1031 3769 1058 3812 et
1075 3764 1134 3815 sine
1153 3763 1209 3816 ulla
1228 3779 1310 3832 opera
1328 3766 1374 3815 in-

275 3802 318 3845 ter
336 3797 472 3854 domicilia
496 3808 675 3875 compilabant
695 3830 727 3866 ea
746 3820 833 3871 omnia
850 3838 917 3890 quac
930 3841 983 3879 non
1003 3841 1078 3884 crant
1097 3834 1201 3888 obruta.
1239 3845 1266 3887 ct
1284 3837 1373 3888 futuro

275 3873 397 3949 tempore
417 3880 573 3929 catervatim
594 3897 700 3949 semper
720 3891 888 3955 egredientes
921 3899 1016 3951 exindo
1042 3906 1122 3957 etiam
1142 3922 1246 3959 omnem
1265 3908 1373 3959 omnino

275 3952 328 3988 ram
346 3955 431 4009 usque
450 3947 483 3997 ad
502 3958 592 4014 portas
612 3954 773 4020 Byzantinos
802 3969 898 4016 terram
925 3973 1104 4037 compilabant
1127 3978 1315 4047 Romanosque
1339 3976 1373 4029 ab

276 4024 309 4061 ea
327 4026 436 4080 prorsus
455 4017 634 4076 deterrebant.
672 4030 817 4098 vectigalia
845 4045 931 4091 autem
951 4043 1082 4101 solvenda
1100 4050 1266 4116 imperabant
1285 4052 1374 4102 omni-

273 4078 333 4148 bus,
355 4102 424 4155 qnae
441 4089 529 4143 media
548 4103 623 4147 crant
642 4102 756 4168 oppidis.
795 4106 952 4163 decadarchi
972 4114 1078 4171 barbari
1099 4128 1126 4172 et
1142 4123 1273 4188 praelecti
1291 4126 1319 4177 in
1338 4123 1373 4174 iit

277 4153 489 4217 collocabantur.
538 4168 586 4222 sed
614 4184 650 4222 no
669 4173 707 4227 ita
735 4175 842 4245 quidem
870 4182 1011 4254 diligentia
1038 4192 1095 4247 eius
1121 4196 1230 4251 aestatis
1258 4194 1374 4252 Thraces
