3017 4759
181 238 403 333 msronmn
429 264 688 335 auctarium
703 268 855 336 mur.
883 251 1070 339 82-36.
1131 258 1204 338 ott

104 452 158 506 νος
180 424 236 495 σόν
258 429 297 496 ἐόν
319 430 347 495 oi
369 431 506 521 τοιαῦται
527 434 691 519 φείσαιντο
712 435 790 496 καθ)
811 430 903 516 ἡμῶν
926 435 1099 522 λοιδορίας,
1120 435 1204 513 τίνος

106 533 134 594 d’
159 527 197 594 ἀν
218 532 299 597 κατά
319 535 383 597 τιόν
416 536 502 617 ἐμῶν
526 533 717 614 ἀπόσχοιντο
748 535 883 615 βιβλίων
914 534 1151 617 ἀναισχυντίας,
1174 536 1208 599 oi

104 630 296 697 τὰτοιαῦτα
330 635 480 717 διηνεκῶς
513 631 595 697 κατά
611 638 673 701 τῶν
705 632 801 720 ἱερῶν
822 638 997 718 τολμῶντες
1021 636 1204 703 ἁλίσκονται

104 735 255 819 γραφῶν,
290 730 342 797 dte
363 733 555 816 μαχομένων
577 733 737 799 κάκείνων
763 736 804 821 τῇ
828 738 920 822 depuis
942 735 1065 821 αἱρέσει
1085 718 1333 823 πτερά-ΗΜ·

78 844 97 895 5
105 856 205 916 μενοι,
227 833 283 897 καί
304 831 367 917 γάρ
391 834 555 911 κάκείνους
577 828 642 899 οἷον
666 836 766 899 εἰπεῖν
788 834 850 900 dni
874 838 992 923 δίφρου
1011 840 1270 925 τυραννικῶςῦὅ

109 934 303 1017 ἀμυνόμενοι
326 932 380 999 ord
401 937 510 1012 ταῦτα,
534 936 590 999 καί
611 933 655 1011 σός
674 938 707 999 ἐν
739 936 925 1021 ἀθόρματος
946 938 1027 1025 λόγον
1045 939 1207 1022 τιθέμενοι

106 1032 149 1099 τά
171 1035 347 1117 σεβάσμια,
372 1035 491 1110 πάσαις
504 1034 648 1121 κάναίιλην
669 1042 736 1099 κατ’
773 1036 876 1102 αὐτῶν
898 1038 1075 1122 ἐχρήσαντό
1096 1062 1130 1105 τε
1152 1041 1208 1106 καί

105 1138 250 1219 χρῶνται
272 1137 512 1219 βωμολοχίαις·
562 1138 618 1202 καί
640 1141 838 1213 διασπῶντες
867 1138 959 1203 ἐνθεν
981 1140 1129 1205 κάκεῖθεν
1152 1141 1206 1205 υό-

110 1236 163 1301 όέν
187 1232 315 1319 άμεινον
338 1239 534 1303 διατίθενται
555 1234 576 1321 ἢ
598 1236 705 1325 ὥσπερ
727 1238 785 1314 τάς
802 1239 927 1322 βάκχας
951 1240 1105 1323 ἀκούομεν
1126 1242 1208 1306 κατὰ

62 1339 163 1401 littori
184 1339 341 1415 Πενθέως
361 1338 526 1419 μανείσας.
572 1338 638 1401 ἀλλ’
676 1334 811 1415 ἐκείναις
838 1341 898 1421 μὲν
920 1340 1068 1405 ἀκούσιον
1090 1364 1207 1405 menov-

107 1439 218 1519 θυίαις
237 1438 294 1523 τὴν
314 1441 369 1522 τῆς
391 1441 508 1521 μανιάς
533 1440 694 1523 αἰσχύνην,
717 1440 773 1511 καί
793 1438 829 1504 τό
852 1441 1049 1525 ἀνεγκλήτως
1069 1435 1156 1506 εἶναί
1173 1464 1207 1505 τε

108 1533 163 1605 καί
187 1536 254 1622 άμα
268 1538 373 1603 οἴκτου
388 1542 557 1624 τυγχάνειν
579 1538 657 1615 ἴσως
669 1538 803 1603 κατόπιν
824 1540 1004 1618 ἀκολουθεῖ,
1025 1545 1083 1606 τοῦ
1106 1542 1205 1624 ἀβου-

108 1642 202 1725 λήτου
228 1638 308 1725 πρός
332 1634 427 1705 ἑαυτό
450 1665 484 1725 γε
507 1641 720 1727 ἐφελκομένων
751 1632 873 1705 τάτῶν
897 1641 1133 1723 ἀποβαινόντων
1154 1645 1206 1727 ἐγ-

108 1743 267 1825 κλήματα
321 1740 441 1816 τούτοις
475 1744 505 1807 d'
535 1735 695 1817 ἑκουσίοις
721 1744 840 1827 ἀραῖσιν
867 1739 888 1805 ά
916 1749 983 1819 τοῖς
1003 1741 1207 1825 μαινομένοις

62 1860 98 1912 15
110 1840 258 1927 ἁρμόττει
266 1889 275 1919 ,
297 1840 428 1906 κόλασιν
461 1842 629 1925 ἀνήκεστον
656 1844 838 1907 ἐκκαλεῖται
869 1844 925 1907 καί
955 1843 1084 1929 σφόδρα
1114 1844 1206 1929 περί-

107 1946 250 2025 βλεπτον.
316 1940 469 2007 κάκείνων
503 1940 562 2025 μὲν
591 1943 646 2007 κοτ’
674 1936 762 2024 μάλα
790 1938 911 2019 ἐνόντες
943 1942 1208 2007 ἐπιλανθάνονται
1218 1952 1273 2004 8⁰

111 2040 286 2127 ἀνθρωττοι,
305 2044 467 2129 μηδεμίαν
491 2043 615 2119 υόόένες
638 2046 762 2111 ἐκεῖθεν
786 2043 980 2128 ἀτέκμαρτον
1002 2042 1207 2129 όφυριόμενυι

107 2144 246 2228 βλάβαν·
297 2144 416 2208 τοότων
455 2145 488 2207 ἀὲ
512 2145 568 2209 καὶ
589 2147 677 2226 μάλα
708 2140 834 2219 άκοντες
855 2146 1041 2226 μεμνῆσθαι
1061 2141 1129 2225 άμα
1151 2142 1207 2216 καὶ

109 2251 215 2327 μισεῖν
245 2242 273 2309 οἱ
304 2246 433 2321 τελείους
467 2244 712 2329 ἀναγκάζονται,
743 2243 797 2309 τόν
824 2241 952 2308 ἐκείνων
975 2243 1207 2330 φυλαττόμενοι

62 2347 256 2415 τοκίνόυνον
277 2345 333 2410 καί
347 2346 423 2429 πρίν
445 2345 528 2410 ἰέναι
546 2345 864 2431 προαναστέλλοντες.
907 2343 1042 2431 καὶγὰρ
1066 2342 1146 2410 αὐτοὶ
1168 2341 1207 2428 δὴ

109 2448 208 2509 ταῦτα
241 2447 297 2511 καί
330 2444 411 2510 κατά
436 2448 499 2510 τεόν
531 2447 615 2528 ἐμιόν
646 2446 780 2531 ἔναγχος
808 2448 856 2510 ἐπ’
888 2444 1207 2532 αάτοφοόρῳλβιβλων

111 2537 257 2609 ἑάλωσαν
289 2545 590 2633 ἐμιτετιαρῳνηκότες
610 2544 638 2610 οἱ
663 2544 821 2640 ἀνακόεῖς,
842 2544 877 2611 τό
900 2547 958 2630 μὲν
980 2541 1017 2611 etl
1038 2544 1206 2633 προσθήκῃ

112 2819 214 2874 nullum
235 2831 322 2875 tamen
347 2825 475 2891 pudorem
503 2824 618 2877 habent:
640 2826 686 2877 sed
716 2825 862 2878 insolentia
878 2827 974 2893 gennit
990 2825 1163 2879 insolentiam
1182 2832 1210 2878 et

112 2895 233 2960 impietas
252 2896 404 2960 graviorem
422 2896 595 2961 impietatem.
639 2896 775 2961 depudens
806 2898 876 2947 enim
894 2911 941 2948 eos
963 2896 1031 2947 baec
1052 2898 1117 2947 dicit
1137 2897 1208 2948 scri.

111 2972 203 3031 pturar
227 2964 339 3021 „oculus
360 2966 507 3017 meretricis
528 2973 584 3018 erat
601 2965 677 3019 tibi.“
716 2980 768 3034 quo
795 2966 879 3033 igitur
903 2966 1028 3017 conuicio
1054 2966 1082 3016 in
1100 2979 1149 3016 nos
1163 2966 1209 3016 isti

112 3036 232 3087 homines
251 3050 305 3087 non
324 3043 447 3101 utantur3
472 3052 524 3103 qua
548 3046 635 3088 autem
657 3038 820 3104 impudentia
841 3045 933 3089 contra
958 3035 1041 3088 libros
1066 3049 1140 3086 meos
1157 3036 1208 3086 ab.
1283 3092 1290 3101 ,

111 3106 248 3160 stineant?
284 3123 363 3176 quum
382 3107 447 3159 talia
465 3109 593 3163 continuo
613 3116 705 3161 contra
724 3116 831 3161 sanctos
849 3106 932 3158 libros
946 3107 1034 3159 moliri
1053 3105 1208 3173 deprehen.

111 3180 214 3242 dantur,
236 3187 262 3230 et
284 3180 361 3231 etiam
374 3194 427 3241 ¹eos
447 3188 539 3231 contra
557 3182 674 3246 ipsorum
696 3180 821 3231 haeresin
849 3186 998 3247 pugnantes
1020 3178 1208 3246 experiantur:

113 3257 139 3301 et
157 3258 249 3302 contra
271 3264 317 3302 eos
336 3259 365 3302 ut
382 3253 419 3303 ita
438 3252 522 3303 dicam
549 3252 689 3317 tyrannice
708 3251 740 3301 de
768 3250 836 3303 sella
863 3251 987 3302 dimicant
1008 3258 1161 3318 propterea,
1182 3255 1210 3301 et

112 3320 188 3388 quasi
206 3321 307 3373 ludicra
326 3325 497 3375 aestimantes
515 3322 672 3386 reverenda,
692 3323 895 3391 quibuscunque
910 3322 1050 3374 columniis
1067 3322 1209 3389 impuden-

111 3400 152 3443 ter
172 3401 263 3444 contra
283 3408 329 3445 eos
349 3396 376 3445 et
397 3396 437 3447 usi
462 3400 524 3447 sunt
543 3403 569 3446 et
587 3402 704 3445 utuntur.
750 3401 777 3445 et
805 3394 988 3461 discerpentes
1006 3394 1059 3462 huc
1078 3393 1151 3445 illuc
1163 3394 1209 3444 ni.

113 3461 170 3515 bilo
189 3464 285 3516 melius
304 3466 452 3530 destruunt,
472 3482 548 3535 qnam
568 3464 685 3517 bacchas
705 3466 850 3531 accipimus
869 3466 897 3517 in
910 3465 1056 3517 Pentheum
1077 3464 1207 3517 furentes.

112 3545 288 3587 veruntamen
315 3536 361 3587 has
381 3539 497 3605 quidem,
518 3538 610 3590 lurore
629 3538 693 3604 ipsis
715 3537 807 3589 invitis
818 3538 941 3605 probrum
961 3539 1076 3599 ferente,
1095 3536 1210 3586 lortassa

112 3609 232 3673 seqnitur
253 3609 389 3659 excusatio
420 3619 446 3661 et
463 3610 664 3673 misericordia,
684 3624 780 3676 quum,
801 3610 870 3676 qnod
888 3624 942 3661 non
961 3607 1099 3670 voluerint
1118 3619 1209 3657 secnnr

110 3679 205 3730 tulerit
223 3682 420 3732 commissorum
441 3682 649 3734 incusationem:
675 3680 731 3733 illis
750 3695 816 3733 vero
836 3680 907 3731 ultro
927 3695 958 3730 ea
977 3677 1118 3745 agentibus
1140 3690 1210 3745 quae

112 3751 278 3802 conveniunt
295 3751 456 3816 furentibus,
474 3754 613 3821 castigatio
629 3752 740 3804 debetur
758 3750 934 3818 implacabilis
948 3756 975 3801 et
993 3748 1073 3801 valde
1091 3748 1209 3799 circum.

112 3827 212 3885 specta.
249 3821 356 3873 illarum
378 3825 455 3875 etiam
472 3822 649 3876 libentissime
663 3823 858 3875 obliviscuntur
874 3820 1006 3885 homines,
1024 3834 1113 3888 neque
1132 3820 1208 3888 quis-

111 3905 188 3957 quam
208 3890 287 3943 illino
306 3894 436 3946 inlinitum
462 3894 581 3945 damnum
605 3894 800 3960 subintslligits
831 3893 879 3957 bos
903 3900 991 3944 autera
1011 3899 1038 3944 et
1055 3892 1209 3943 meminisse

109 3969 139 4011 et
162 3962 250 4013 odisse
269 3962 376 4029 plurimi
395 3968 439 4017 rel
461 3967 574 4016 maxime
591 3966 669 4017 inviti
698 3972 850 4031 cognatum
874 3963 979 4015 illarum
996 3962 1146 4031 periculum
1163 3963 1209 4012 vl.

112 4040 199 4085 tuntes
218 4040 246 4083 et
264 4045 466 4101 compescentes
478 4038 630 4104 priusquam
651 4037 787 4089 obveniat.
823 4050 884 4085 uem
899 4036 1029 4088 eiusmodi
1046 4047 1132 4100 anper
1149 4034 1210 4099 ipsa

111 4106 139 4155 in
160 4120 190 4157 re
207 4104 369 4171 deprehensi
389 4116 450 4160 suat
478 4108 646 4174 impudentes
662 4108 707 4160 isti
725 4108 753 4161 in
772 4107 871 4173 scripta
897 4122 956 4157 mea
973 4115 1098 4173 tanquam
1118 4104 1221 4169 ebrie-¹

111 4186 166 4235 tate
185 4178 365 4235 lmanientest
385 4179 496 4235 verbum
515 4175 546 4236 τό
565 4180 669 4233 εόίοιιο
688 4198 711 4252 φ
730 4178 852 4231 litterale
871 4179 899 4229 iu
920 4178 977 4251 φεῦ
995 4183 1138 4250 mutantes,
1156 4195 1209 4232 τεο.
