3017 4759
292 176 362 254 168
454 185 460 257 j
594 182 820 301 utournom
849 182 1078 255 GREGORAE

290 370 340 415 ναι
363 349 583 429 συμπέπτωκε.
627 352 682 413 καί
703 350 773 411 δεόν
793 344 824 421 ἐς
845 348 1004 431 ἐκδίκησιν
1028 349 1083 429 τῆς
1106 342 1232 429 ύβρεως
1251 342 1302 413 τόν
1324 369 1395 411 κοι-

288 446 344 515 νόν
370 452 577 533 διαναστῆναι
597 437 749 531 πατέρα,
786 443 801 512 ὃ
830 450 864 511 δὲ
889 450 943 511 καί
962 446 1156 528 μετόπισθεν
1190 446 1266 531 ἔσχε
1289 446 1392 525 κότον,

221 544 375 637 ῐθόφρα
397 554 519 638 τελέσῃ,
542 548 622 615 κατὰ
646 551 705 613 τού
724 550 824 632 μηδὲν
855 544 1037 621 όδικούντος
1058 550 1168 630 ἐμοῦ»
1195 548 1276 612 utto
1300 548 1336 614 τί
1350 572 1392 629 με

287 658 341 718 δεῖ
358 651 397 718 τό
416 642 502 715 πᾶσί
520 652 586 735 δῆλ’
608 653 817 732 όναμετρεῖν,·
842 651 963 713 ἐκεῖθεν
981 646 1042 732 yolo
1068 645 1209 713 ἐκποδών
1224 672 1265 729 με
1289 658 1393 711 ποιεῖν

284 754 531 839 βουλευσαμένῳ
566 752 608 840 τῷ
646 755 790 839 πενθερῷ
815 748 873 833 τόν
898 754 1048 833 ταχίστην
1072 773 1116 829 με
1149 748 1422 833 διαχρήσασθαιὸ

286 854 402 921 τούτου
423 853 585 940 παρῄνουν
609 850 639 916 οἱ
660 854 936 935 vindicianum
957 852 1050 935 δόξης
1072 848 1279 933 αἱρεσιοῖται·
1303 854 1394 916 τουτί

286 953 347 1039 γόιρ
363 960 396 1020 s'v
409 959 531 1039 βραχεῖ
548 952 607 1035 τὴν
623 948 698 1035 ὅλην
718 951 805 1035 ἔχειν
819 949 960 1036 ἔφασκον
974 949 1160 1035 όπαλλαγην
1174 955 1227 1034 τῆς
1240 948 1298 1033 την
1316 946 1389 1036 όλην

286 1060 328 1120 δι’
348 1054 531 1138 ἑμὲψυχην
562 1050 762 1136 α’σχολούσης
792 1055 881 1141 αύτῷ
913 1054 1090 1138 φροντίδος.
1135 1054 1189 1116 καί
1207 1046 1391 1135 τοόγκλημα

287 1159 375 1222 λύειν
397 1154 491 1219 ου’τυό
511 1152 591 1240 πρός
614 1151 690 1217 θεόν
710 1152 920 1235 ὑπισχνοῦντο
940 1162 1068 1235 μεοῖται
1091 1148 1279 1236 γιγνόμενοι.
1301 1152 1391 1216 τοῦτ’

286 1256 392 1339 ἔμοιγε
421 1261 543 1336 βέλτιον
572 1248 608 1319 όν
641 1256 699 1318 ούκ
721 1248 782 1318 οἶδ’
811 1247 897 1330 ὅπως
931 1251 1026 1329 αύτός
1053 1255 1108 1318 ούκ
1131 1255 1273 1341 ,η’θέληοε
1296 1254 1388 1335 δρᾶν.
1404 1260 1439 1313 10

275 1355 358 1437 ,ἐμοί
377 1361 437 1437 μὲν
458 1353 517 1439 γόρ
540 1350 624 1438 εἶχεν
657 1350 697 1419 όν
719 1378 785 1428 πως
812 1353 996 1437 όπαλλαγην
1022 1356 1085 1417 τῶν
1106 1349 1175 1437 ἑξῆς
1192 1350 1237 1435 τό.
1256 1356 1389 1436 πρᾶγμα

287 1459 414 1537 δεινῶν,
443 1457 529 1543 αύτῷ
557 1457 586 1517 δ’
617 1454 796 1538 ἀνθρώπων
826 1446 864 1517 όιν
889 1479 956 1529 πως
989 1448 1137 1519 ἁπάντων
1160 1448 1291 1519 όνειδυν.
1337 1450 1388 1519 διό

284 1554 340 1619 καί
359 1553 472 1639 τρόπον
507 1554 716 1640 ξυννεναηκιός
745 1557 1018 1639 εύπρεπὲστερον,
1047 1554 1215 1638 ὑπερόριον
1237 1556 1391 1639 πατρίδος

284 1658 341 1720 κατ’
370 1659 546 1738 βασιλικῶν
581 1653 744 1720 ἐπαύλεων
775 1654 962 1760 α’πειληφρός
994 1658 1026 1729 ἐς
1048 1657 1280 1740 Θεσσαλονίκην
1304 1650 1391 1737 nim}-

282 1780 369 1839 νεγκε
389 1757 535 1841 τόχιστα,
555 1756 751 1842 μητρόςεμὲν
767 1760 822 1821 καί
839 1755 988 1839 γυναικός
1008 1753 1136 1839 ἔρημον,
1156 1751 1216 1819 ύπό
1234 1764 1391 1843 φρουροῖς
1402 1767 1436 1819 15

285 1854 400 1919 ddunt*
429 1856 565 1939 φύλαξιν
595 1852 638 1931 σός
659 1854 770 1940 νήπιον
801 1859 867 1919 ἐκεῖ
897 1852 952 1921 τόν
984 1857 1147 1941 εἰκοσαετῆ
1175 1857 1230 1919 καί
1263 1858 1389 1919 παίδων

284 1947 347 2039 ἤδη
371 1960 492 2040 πατέρα
512 1980 554 2037 με
579 1958 780 2021 καταστάντα
807 1959 1082 2039 παιδαγωγεῖσθαι
1104 1954 1330 2039 προστεταχώς
1352 1954 1389 2021 ἐν

283 2055 411 2145 α’δὲσμρι
436 2060 513 2130 τέως
536 2055 667 2143 εἱρκτῇ·
711 2060 766 2121 καί
787 2052 869 2121 ούτω
890 2057 946 2140 την
975 2056 1056 2139 ε’μὴν
1084 2056 1244 2121 ἀπουσίαν
1266 2053 1389 2136 εύπρό-

284 2178 390 2220 noanon
410 2157 577 2239 εύκαιρίαν
609 2148 656 2231 οἷς
675 2145 771 2221 ιόύινε
802 2157 900 2220 πύλαι
927 2160 1087 2238 στέμμασι
1116 2160 1172 2219 νύν
1203 2158 1381 2237 ἐχαρίζετο.

218 2258 334 2321 ulva
355 2255 417 2339 γόρ
442 2259 498 2319 κατ’
518 2260 665 2339 τέταρτον
690 2262 784 2322 τούτο
805 2259 937 2341 προσθῶ
953 2280 1017 2337 μοι»
1033 2262 1076 2343 τῷ
1093 2254 1174 2346 λόγῳ
1191 2258 1304 2337 δεῖγμα
1328 2257 1385 2338 τῆς
1394 2259 1434 2337 20

284 2359 327 2422 δι’
349 2352 452 2438 όρκαιν
476 2358 642 2442 ἀπατηλῶν
677 2362 765 2446 αύτῷ
794 2368 862 2423 κατ’
883 2361 964 2440 ε’μού
996 2360 1269 2442 συσκευαζομένης
1287 2357 1384 2437 μελέ-

284 2606 287 2611 ·
354 2586 380 2639 7.
400 2590 447 2654 τῆς
463 2586 564 2639 addidit
582 2586 722 2640 Boirinus.
786 2655 789 2663 ἡ

282 2816 340 2853 rem
359 2808 385 2852 et
404 2813 517 2867 pompae
533 2799 683 2866 ridiculum,
701 2800 902 2869 domoprodire
921 2804 948 2853 in
965 2802 1053 2853 animo
1064 2800 1191 2854 haberem
1205 2801 1272 2854 haec
1289 2816 1385 2869 passus

281 2888 349 2925 sum.
368 2871 511 2922 bicautem
532 2874 609 2925 etiam
625 2880 721 2939 postea
741 2873 877 2924 occultum
898 2874 985 2925 odium
1004 2872 1066 2925 tulit
1086 2880 1115 2923 ut
1135 2872 1256 2939 expleret
1275 2888 1335 2924 eum
1354 2874 1385 2925 in

281 2960 324 2995 me
343 2958 425 3011 aquo
443 2942 518 2994 nulla
532 2944 629 2995 iniuria
645 2944 755 2995 affectus
776 2953 841 2995 erat.
862 2944 910 2996 sed
928 2944 991 3011 quid
1010 2959 1078 3012 quae
1098 2946 1161 2995 satis
1181 2944 1301 2997 omnibus
1319 2953 1385 2996 nota

281 3016 334 3066 siut
347 3028 507 3080 expromam.
529 3015 625 3065 deinde
637 3016 706 3065 enim
719 3030 841 3067 socerum
853 3031 932 3083 quum
951 3015 1082 3082 quomodo
1096 3016 1206 3067 emedio
1219 3031 1262 3066 me
1274 3013 1386 3067 tolleret

280 3102 372 3138 secum
391 3085 581 3149 meditaretur,
606 3084 729 3137 Palamae
754 3086 878 3138 asseclae
900 3094 1022 3153 utquam
1044 3085 1184 3137 celerrime
1205 3102 1248 3138 me
1271 3095 1385 3139 necaret

280 3156 413 3208 adhortati
437 3164 507 3206 sunt.
543 3172 603 3207 πετο
622 3158 658 3207 ita
678 3157 827 3210 eumbrevi
845 3158 878 3218 ab
905 3160 975 3209 omni
1000 3158 1079 3209 animi
1104 3166 1176 3208 metu
1199 3167 1384 3226 quopropter

280 3243 322 3277 me
343 3233 489 3277 vexaretur
509 3225 618 3278 liberari
637 3228 811 3280 affirmabant.
859 3230 933 3295 ipsos
954 3236 1041 3280 autem
1063 3228 1162 3279 crimen
1182 3228 1305 3295 precibus
1321 3229 1383 3281 suis

280 3297 350 3364 apud
371 3295 447 3347 deum
470 3298 623 3362 expiaturos
643 3314 712 3351 esse.
750 3300 821 3368 quod
848 3300 912 3351 mibi
933 3315 997 3351 saue
1016 3300 1143 3367 optimum
1167 3299 1270 3359 fuisset,
1283 3306 1308 3350 et
1328 3316 1382 3351 ue.

280 3368 338 3420 scio
360 3382 407 3418 cur
426 3367 517 3434 iacere
534 3368 660 3420 uoluerit.
698 3386 757 3421 nam
779 3370 921 3424 liberasset
938 3388 979 3423 me
999 3369 1031 3422 ab
1046 3370 1167 3423 omnibus
1186 3386 1254 3438 quae
1271 3378 1382 3422 secutae

280 3445 343 3490 sunt
363 3438 488 3489 miseriis.
535 3440 586 3505 ipsi
606 3454 672 3491 rero
691 3442 784 3493 nescio
814 3458 846 3493 an
869 3445 984 3495 omnium
1007 3440 1178 3509 opprobrium
1193 3450 1279 3497 ortum
1299 3448 1380 3493 esset.

280 3524 364 3578 quare
383 3510 544 3560 commodius
575 3507 676 3577 aliquid
700 3514 864 3581 excogitavit
898 3522 924 3566 et
949 3529 1026 3581 quem
1055 3512 1197 3564 celerrime
1216 3530 1231 3563 e
1250 3513 1335 3579 patria
1355 3520 1382 3564 et

263 3582 364 3648 'regiis
384 3580 491 3631 sedibus
510 3579 726 3633 Thessalonicam
744 3600 787 3635 me
813 3584 921 3636 abduxit
941 3591 1025 3635 matre
1046 3598 1105 3634 mea
1125 3592 1152 3636 et
1171 3598 1255 3635 uxore
1275 3582 1380 3635 relicta.

233 3659 244 3676 Κ
279 3650 371 3717 ibique
397 3666 439 3700 me
464 3652 562 3719 viginti
581 3665 665 3703 annos
689 3655 779 3705 natum
801 3656 906 3723 iamque
926 3655 1040 3707 filiorum
1068 3660 1170 3722 patrem
1190 3663 1313 3723 tauquam
1334 3656 1381 3709 iu.

279 3721 377 3771 tantem
404 3722 557 3780 custodibus
572 3724 738 3775 tractandum*
755 3726 828 3777 dedit
855 3729 883 3778 iu
912 3726 998 3778 libera
1016 3726 1144 3779 custodia.
1195 3726 1300 3777 interim
1320 3726 1381 3792 ipse

279 3798 429 3856 opportuno
458 3793 596 3844 absentiae
622 3809 698 3846 meae
722 3802 842 3864 tempore
869 3799 968 3863 optime
996 3813 1059 3849 usus
1085 3804 1199 3864 atquae
1224 3798 1274 3847 iarn
1294 3796 1379 3847 multo

278 3869 340 3912 aute
362 3862 449 3912 auimo
477 3879 567 3915 secum
587 3863 758 3917 volutaverat
784 3876 925 3919 exsecutus
953 3876 1002 3919 est.
1039 3876 1068 3919 ut
1090 3866 1142 3919 hoc
1162 3875 1283 3936 quartum
1298 3868 1380 3919 testi-

278 3932 394 3981 monium
414 3933 521 3984 consilii
541 3936 599 3987 eius
618 3936 725 3988 alierum
742 3939 812 4005 qnod
840 3938 1011 3989 iurisiurandi
1035 3938 1151 3990 fallaciis
1170 3940 1198 3990 in
1220 3953 1261 3989 ma
1286 3938 1378 3989 inteu-

279 4003 336 4065 dit,
357 4016 437 4069 quum
462 4006 599 4071 promissis
623 4022 697 4075 quse*
711 4009 782 4075 patri
802 4010 911 4061 dederat
929 4007 999 4061 male
1017 4011 1049 4061 ad
1071 4010 1173 4063 irritum
1191 4009 1306 4062 redactis
1324 4016 1378 4059 tam

274 4069 461 4144 ‹liriaplagis¹
479 4084 570 4143 septos
596 4089 737 4137 sesemet
764 4082 879 4155 miseriis
905 4082 1098 4150 quesumus
1124 4080 1258 4155 'confines
1274 4080 1378 4157 uidene
