3017 4759
808 161 820 216 l

292 307 365 380 286
593 305 818 377 nicaenont
851 306 1080 376 onnoonlu

224 501 281 555 ῃ
396 471 525 537 Τούτων
552 474 578 536 δ’
609 468 692 536 οὕτω
723 475 898 552 λεγομένων
930 474 1013 546 τινὲς
1040 472 1102 533 ταῖν
1137 471 1193 552 τῆς
1223 471 1400 552 γερουσίας

292 571 432 656 μάλιστα
454 579 557 659 φιλων
574 576 616 661 τήν
635 577 783 661 Παλαμρῖ
806 577 862 637 καί
884 561 1045 652 ὅμοδόξων
1066 571 1148 654 ὁμσῦ
1169 573 1225 635 καί
1245 585 1407 653 οοναγω·’

292 677 406 738 νισταῑν
432 670 674 757 ὕπεψιθιίρισαν
707 672 786 754 πρὸς
823 667 878 748 oric
908 675 952 762 τῷ
976 676 1007 737 Γ
1005 673 1125 759 ρηγορᾷ
1147 669 1200 755 ’μή
1237 671 1398 736 σκώπτειν

290 777 366 859 μηδ’
396 778 428 849 ἐς
465 777 614 839 τοσοῦτον
638 777 867 858 εἰρωνεύεσθαι
898 774 978 856 πρὸς
1014 767 1118 856 ἄνδρα
1149 775 1317 837 ἐπίσκοπον
1341 772 1400 836 καί

232 907 236 913 ’
291 873 401 940 πολιὸν
419 874 477 959 τήν
508 878 616 958 τρίχα.
667 874 750 939 κατά
774 873 889 958 μικράν
918 868 977 939 οὖν
1009 873 1025 936 ὁ
1052 877 1083 939 Γ
1081 875 1218 960 ρηγοράς
1250 871 1424 954 ἐπισχώνῑι

290 977 344 1041 καί
372 977 513 1052 α’κοιίσας
542 975 761 1058 ἀνελάμβανεν
795 968 892 1051 αὖθις
919 974 974 1040 τάν
1012 972 1112 1057 λόγον.
1165 979 1220 1041 καί
1246 974 1285 1058 δή
1302 971 1397 1038 “ion

289 1081 349 1158 μὲν
371 1070 444 1140 cist
466 1081 564 1163 φησίν
582 1076 642 1142 “tui
661 1081 695 1140 ἐν
714 1083 752 1162 τῇ
775 1080 866 1164 φωνῇ
886 1078 949 1141 τοῖν
972 1079 1005 1140 ἐν
1024 1081 1062 1164 τῇ
1082 1081 1176 1164 ψυχῇ
1191 1075 1395 1160 παθημάτων

290 1180 447 1258 σύμβολα,
474 1180 531 1242 κοί
551 1178 590 1242 τά
609 1176 799 1262 γραφόμενα
823 1181 887 1242 τῶν
908 1181 942 1242 ἐν
963 1182 1003 1263 τῇ
1036 1181 1135 1265 φωνή,
1158 1174 1226 1260 ἥτις
1249 1174 1288 1260 δή
1311 1173 1393 1239 κατά

291 1279 391 1361 φάσιν
412 1272 575 1360 άναρθρος
603 1272 684 1342 οὖσα
705 1275 861 1363 ἔναρθρος
883 1281 1003 1359 γίνεται
1023 1283 1136 1360 θέσει,
1159 1281 1202 1343 δι’
1226 1274 1392 1356 ὀνομάτων

290 1403 325 1444 τε
346 1381 402 1444 καί
424 1376 575 1464 ῥημάτων
596 1378 757 1462 ὄψιγόνοις
780 1383 1029 1463 παρεορημὲνων
1051 1378 1242 1462 οἶνθροίποις.
1264 1375 1303 1464 τά
1329 1373 1390 1458 γάρ
1407 1382 1438 1435 10

291 1482 401 1560 πράσα
424 1480 504 1544 κατά
530 1481 640 1566 φύσιν,
663 1474 717 1544 άτε
740 1471 815 1544 ὄντα
839 1479 941 1561 ἁπλᾶ,
967 1479 1022 1544 καί
1041 1477 1178 1563 πρότερα
1202 1479 1305 1562 δήποο
1329 1481 1395 1540 τῶν

291 1582 359 1644 κατ’
381 1580 584 1664 ἐπιτήδευσιν
617 1581 673 1644 καί
693 1585 856 1646 συνθέτων
886 1575 902 1642 ὅ
925 1585 979 1661 τῆς
1004 1581 1156 1664 α’ληθείας
1186 1579 1394 1643 δεδικαίωται

291 1674 372 1743 εἶναι
394 1679 495 1762 λόγος.
539 1682 678 1764 πρότερον
700 1675 765 1764 άρα
786 1686 848 1745 τῶν
868 1683 901 1743 ἐν
921 1683 960 1766 τῇ
985 1686 1076 1766 φωνή
1097 1682 1297 1764 σημαντικῶν
1320 1679 1396 1741 ἐνο-

292 1780 402 1860 μάτων
424 1779 508 1861 ἐμοῦ
536 1781 591 1845 καί
612 1779 765 1865 ῥημάτων
793 1782 832 1845 τά
856 1783 889 1845 ἐν
912 1783 951 1868 τῇ
980 1784 1072 1868 ψυχῇ
1093 1781 1268 1864 παθήματα
1290 1777 1396 1844 elices

293 1880 447 1960 νοήματα.
471 1876 602 1964 ἔμφυτα
626 1881 687 1962 γάρ
711 1881 854 1961 νοήματα
869 1874 926 1958 κάξ
947 1877 1146 1963 ον’τοχθόνοα
1168 1883 1267 1963 πηγής
1290 1880 1396 1962 α’πορ-
1408 1897 1439 1949 15

293 1976 417 2061 ῥέοντα,
440 1982 542 2043 ἐκεῖνα
567 1981 596 2063 δ’
623 1979 814 2062 ὑστερογενῆ
846 1985 902 2044 καί
921 1983 1080 2064 ἐπίκτητα.
1132 1971 1176 2044 ὧν
1198 1981 1256 2041 οοίι
1278 1976 1315 2042 ἐν
1336 1979 1396 2040 οἷν-

292 2077 435 2160 θροίποις
457 2082 608 2163 ἐδέησεν,
636 2082 666 2145 εί
694 2077 831 2159 δύναμις
855 2083 931 2165 ἐνήν
963 2084 1152 2167 προφαίνειν
1181 2075 1330 2163 ἀλλήλοις
1353 2075 1396 2142 τά

292 2184 347 2263 τής
370 2183 512 2256 διανοίας
535 2182 702 2264 κινήματα.
741 2181 834 2246 “δεόν
855 2180 934 2266 γάρ”
956 2182 972 2247 δ
993 2187 1091 2266 μέγας
1113 2179 1210 2268 φησίν
1221 2176 1395 2258 Διονύσιος

288 2280 429 2346 “sitim
452 2280 531 2347 κατά
554 2280 609 2347 τὸν
632 2281 732 2366 δρθὸν
753 2283 844 2365 λόγον
864 2277 914 2347 ὅτι
949 2286 1118 2366 στοιχείοις
1140 2283 1195 2346 καί
1216 2285 1395 2358 συλλαβαῖς

294 2385 349 2446 καί
368 2389 469 2462 λε’ξεσι
492 2387 548 2448 καί
567 2394 708 2471 γραφαῖς
730 2388 785 2449 καί
805 2386 908 2468 λόγοις
934 2386 1091 2471 χρώμεθα
1114 2381 1166 2448 διά
1191 2383 1246 2459 τάς
1270 2377 1440 2460 αίοθή-οο

295 2509 381 2564 σοις,
405 2483 448 2561 ὥς
469 2480 546 2549 ὅταν
573 2481 664 2567 ἡμῶν
685 2484 818 2569 ήξψαχή
840 2496 910 2561 ταῖς
934 2494 1058 2570 νοεραῖς
1081 2488 1254 2568 ἐνεργείαις
1278 2483 1331 2546 ἐπί
1353 2477 1394 2544 τά

152 2595 195 2652 δ.
206 2592 286 2649 138ε.
295 2583 391 2669 νοητά
415 2589 561 2667 κινῆται,
585 2586 740 2669 ,περιττοί
768 2584 849 2666 μετά
874 2591 936 2652 τῶν
960 2589 1123 2670 αἰσθητῶν
1146 2584 1180 2650 αἱ
1201 2580 1398 2666 αιόθήοεις·”

229 2696 284 2749 26
296 2684 348 2750 διά
372 2685 434 2772 γάρ
456 2684 491 2749 τά
512 2688 552 2772 τῇ
573 2691 704 2773 σαρκίνη
730 2693 884 2776 περιβολή
905 2687 961 2773 τήν
984 2680 1084 2774 φάσιν
1104 2688 1196 2771 ήμαῖν
1217 2686 1398 2770 περιείργε-

393 2989 445 3044 Ηίο
464 2991 542 3046 dictis
564 2993 668 3062 quidam
688 2993 785 3060 exiis,
804 2993 848 3062 qui
877 2994 904 3045 in
925 2993 1041 3046 concilio
1063 3000 1146 3058 erant,
1166 2990 1318 3044 amicissimi
1340 2987 1393 3042 Pa.

257 3055 267 3082 ⁸
293 3063 380 3116 lamae
400 3073 427 3116 ct
445 3067 644 3119 consentientes
664 3083 722 3120 cnm
745 3081 778 3117 eo
798 3073 824 3116 et
841 3067 925 3125 socii,
942 3067 1108 3117 incurrerunt
1128 3066 1160 3116 ad
1177 3077 1267 3114 aurem
1288 3063 1393 3129 Grego-

296 3151 351 3199 rae,
371 3152 406 3188 ne
425 3135 551 3188 illuderet
576 3154 646 3189 neve
666 3140 733 3189 adeo
756 3138 881 3188 irrideret
910 3138 1064 3203 episcopum
1090 3135 1194 3203 capillis
1221 3135 1393 3186 canescenti.

293 3207 353 3257 bns.
390 3206 583 3274 aliquantulum
610 3210 692 3276 igitur
712 3210 845 3276 Gregoras
870 3206 994 3260 desinetis
1021 3217 1048 3258 et
1068 3209 1137 3259 dieto
1157 3207 1266 3259 audiens
1288 3207 1393 3257 oratio.

293 3292 354 3326 nem
384 3277 471 3328 denuo
497 3281 623 3346 suscepit.
662 3289 723 3332 sunt
744 3282 859 3348 quidem,
885 3281 980 3346 inquit,
999 3279 1108 3345 linguae
1132 3279 1292 3330 mutationes
1311 3276 1393 3326 animi

294 3348 467 3400 mutationum
486 3349 580 3415 signu:
602 3358 628 3401 et
645 3351 740 3403 literae
759 3354 932 3403 mutationum
953 3352 1069 3418 linguae,
1090 3366 1158 3417 quae
1179 3347 1286 3418 quidem
1305 3362 1392 3398 cuma

294 3427 389 3471 natura
407 3419 442 3469 sit
471 3420 659 3484 inarticulata,
679 3423 819 3474 articulata
846 3431 887 3473 est
905 3423 1113 3488 compositione,
1135 3421 1237 3472 auxilio
1256 3420 1392 3470 nominum

295 3498 322 3542 et
342 3489 484 3542 verborum
503 3490 536 3542 ab
555 3491 705 3544 hominibus
724 3496 839 3559 posteris
859 3495 1036 3545 inventorum.
1074 3493 1159 3559 prima
1178 3493 1246 3544 enim
1266 3493 1392 3559 quoniam

293 3570 387 3615 natura
405 3561 536 3628 simplicia
563 3571 642 3626 sunt,
669 3566 746 3614 etiam
774 3567 864 3631 priora
889 3566 1007 3615 tractatis
1038 3572 1065 3614 et
1088 3565 1243 3630 compositis
1270 3563 1392 3616 veritatis

295 3635 400 3686 censuit
428 3649 490 3686 esse
514 3635 592 3685 ratio.
634 3636 737 3701 priores
763 3637 845 3702 igitur
871 3635 980 3703 linguae
1009 3635 1220 3702 significantibus
1239 3633 1392 3687 nominibus

294 3706 439 3774 uerbisque
459 3714 521 3758 sunt
539 3707 619 3757 animi
637 3709 797 3758 mutationes
819 3709 878 3759 sive
898 3709 1024 3776 cogitata,¹
1044 3708 1124 3758 insita
1144 3708 1213 3756 enim
1231 3715 1292 3758 sunt
1312 3705 1391 3771 cogi.

295 3785 349 3827 tatu
369 3785 395 3827 et
415 3792 448 3827 ex
469 3780 561 3829 innato
580 3778 654 3829 sonte
673 3787 793 3830 innuant:
814 3779 861 3830 illa
882 3786 969 3828 autem
992 3785 1100 3843 postera
1119 3785 1145 3828 et
1166 3778 1274 3827 adscita!
1296 3776 1392 3843 quibus

294 3861 348 3898 non
369 3861 435 3914 opus
456 3856 527 3900 esset
545 3849 704 3914 hominibus,
722 3852 744 3902 si
765 3849 878 3901 facultas
892 3857 1047 3915 suppeteret
1061 3849 1258 3900 demonstrandi
1277 3847 1328 3900 sibi
1348 3847 1392 3896 in-

294 3920 383 3970 vicem
401 3919 480 3969 animi
494 3922 635 3972 motiones.
673 3937 786 3972 necesse
798 3929 838 3970 est
858 3923 936 3983 enim,
958 3921 995 3972 ait
1015 3921 1160 3986 Dionysius
1181 3935 1302 3986 magnus,
1321 3919 1392 3969 scire

295 3990 443 4043 secuudum
461 3991 487 4041 id
507 3992 578 4057 quod
597 4008 689 4043 verum
707 4000 756 4055 est,
775 4006 823 4041 nos
843 3991 928 4042 literis
949 4001 974 4042 et
991 3991 1102 4057 syllabis
1124 3998 1150 4040 et
1168 3991 1259 4042 uerbis
1280 3998 1307 4040 et
1321 3987 1392 4040 scri..

295 4064 379 4129 ptnris
397 4061 437 4112 uti
455 4070 564 4128 propter
583 4063 916 4123 animadversioneacum
933 4063 978 4114 ubi
998 4064 1201 4114 animuanoster
1221 4059 1393 4127 intelligendi

294 4133 397 4185 viribus
414 4134 446 4184 ad
465 4148 496 4183 en
516 4148 584 4199 qnae
602 4133 721 4202 intelligi
740 4140 852 4201 possunt
865 4142 997 4198 movetur,
1018 4151 1075 4184 cum
1095 4133 1287 4184 animadversis
1305 4130 1394 4182 relin-

295 4212 409 4275 quantur
427 4206 682 4257 animadversiones.
730 4219 789 4256 curn
819 4207 889 4256 enim
908 4222 988 4260 carne
1006 4206 1166 4258 circumdata
1187 4212 1281 4258 natura
1299 4209 1392 4256 nostru
