3017 4759
274 190 524 325 ²rirsronran
552 208 812 277 arnaudum
839 214 935 277 xxn.
967 197 1006 277 5.
1038 196 1077 277 6.
1194 200 1236 276 11

140 371 268 457 παρόντι
286 380 428 438 συνεῖναι
444 378 546 456 ζητεῖν
568 374 648 457 ἤθεϊ,
671 374 751 438 diti
774 371 807 438 τό
822 376 937 455 μέλλον
958 373 1242 457 πραγματεύεσθαι

139 474 311 559 χρήσιμον,
334 476 415 560 μηδὲ
439 473 492 539 διὰ
517 476 619 561 φόβον
637 486 703 552 τοῖς
725 479 883 562 παροῦσιν
903 474 1061 560 ἡττᾶσθαι
1076 473 1240 556 ψεύδεσιν,

142 572 223 639 dili
248 572 302 639 διό
327 573 384 659 τὴν
416 578 577 659 τοτ’ληθοός
604 575 763 661 προβολὴν
795 579 854 640 τοῦ
884 581 984 640 κακοῦ
1020 575 1163 656 κολάζειν
1184 574 1242 658 την

143 672 319 760 πρόφασιν,
341 674 418 739 ου’δέ
439 672 474 739 τό
499 682 613 757 μίσους
636 670 724 757 όξιον
749 680 795 752 εἷς
812 675 870 760 την
888 674 1001 760 χώραν
1024 678 1161 759 εἰσάγειν
1183 677 1242 738 τοῦ

114 774 258 857 ὁπόθεν,
282 776 348 840 ἀλλ’
372 775 442 842 ἀντὶ
459 780 516 841 τοῦ
536 778 727 860 βλάπτοντος
760 774 817 859 τήν
846 782 908 843 τῶν
928 777 1101 864 οόφελίμοον
1123 776 1242 842 dullac-
1337 821 1340 828 ι

143 880 271 961 ρεῑσθαι
292 880 483 961 συνοίκησιν.

235 971 330 1062 ”Apu
361 978 547 1056 volueverit
580 978 688 1064 η’ρινός
710 984 770 1045 τοῦ
798 981 890 1065 ἡλιόν
912 979 1032 1062 τροπός
1053 976 1279 1063 παραλλότ-ει

143 1090 249 1153 τοντος
272 1078 349 1153 νεοός
373 1078 532 1162 ἐπιτυχών
562 1084 749 1155 νανστολιάς
778 1082 964 1166 ὡρμημένης
995 1082 1045 1144 ἐπ’
1067 1078 1242 1161 Αἴγυπτον,

142 1172 277 1259 ἅσμενος
299 1178 399 1254 socia
423 1181 501 1268 αὐτῇ
525 1185 632 1265 φέρων
655 1181 794 1259 ἐμαυτόν
821 1185 1000 1263 ἐνεβίβασα.
1045 1183 1099 1244 καί
1114 1183 1178 1260 ’μὲν
1200 1184 1239 1265 (λη’

96 1270 281 1359 ςοόραντος
301 1281 332 1351 ἐς
355 1278 414 1363 τήν
434 1280 606 1363 όστεραιαν
636 1286 668 1347 εἰι
691 1286 880 1363 Βυζαντίων
912 1285 1047 1362 λιμένων
1074 1276 1241 1362 εβόομαῖοι

143 1386 211 1453 τοῖς
230 1378 361 1443 Pode'otv
382 1385 599 1505 προσέσχομεν
620 1387 763 1464 λιμέσιν,
792 1382 870 1449 ἔνθα
892 1382 1012 1465 συχνός
1043 1380 1243 1467 διατετριφό-

144 1501 196 1553 τες
229 1478 351 1564 ἧμὲρας
363 1483 517 1601 ,ου’ριοονς
525 1487 628 1547 πνοοῖν
651 1484 769 1574 o'nopi'qs
799 1486 982 1569 περιῄειμέν
1007 1506 1039 1549 τε
1062 1480 1118 1564 τὴν
1138 1486 1243 1565 νῆσον,

146 1582 201 1642 κατ’
222 1580 462 1705 περιεργότερον
496 1575 574 1647 ἅττα
606 1610 646 1666 ην
673 1588 751 1659 θέας
774 1578 848 1662 ἄξια
869 1583 1075 1665 ἐθεώμεθα.
1092 1584 1247 1647 κολοσσόν

145 1684 205 1762 μὲν
228 1675 285 1745 oda
308 1684 426 1747 ἐκείνου
463 1694 615 1767 μνημεῖον
643 1686 735 1749 ον’όέν
755 1710 784 1749 τι
810 1689 983 1765 ἐλέλειπτο,
1019 1686 1059 1747 ου’
1089 1684 1174 1764 μέντ’
1205 1677 1245 1747 ἐν

100 1783 218 1852 15οέδ’
241 1782 274 1848 εἰ
290 1806 363 1848 ποτε
383 1778 550 1905 γέγονεγ“
533 1810 618 1861 οστις
641 1790 708 1850 ποτ’
736 1780 787 1869 αρ’
809 1780 849 1869 ην
851 1780 995 1866 ἐκεῖνος,
1016 1785 1158 1850 εικασόαν
1178 1785 1247 1850 ἐδί-

147 1887 205 1947 dov
226 1885 313 1949 τινό·
359 1877 434 1950 odas
464 1885 526 1970 γὰρ
554 1889 678 1969 χαλκοῦ
697 1888 810 1972 μόριον
839 1891 951 1969 ον’όέν,
980 1890 1020 1951 ον’
1042 1885 1106 1973 μὴν
1127 1884 1243 1952 πόθ’
1217 1885 1252 1951 εί

147 2007 228 2059 τινες
252 1980 314 2050 εἶεν
335 1990 369 2051 ἐκ
391 1990 518 2051 λίθων
503 1993 609 2076 εκεινιρ
626 1991 787 2073 κρηπῖδες,
811 1992 972 2055 ἐλέλειπτο
992 1991 1144 2070 λείψανον
1163 1988 1246 2052 ποίν-

113 2156 117 2161 ,
148 2108 210 2148 τοον
234 2085 335 2150 οὐδέν.
381 2087 501 2161 πόλεων
525 2088 560 2151 δὲ
581 2091 644 2152 τοῖν
666 2086 764 2153 πάλαι
787 2087 825 2153 αἲ
841 2094 901 2169 μὲν
925 2096 1067 2170 σεισμοῖς
1089 2091 1245 2173 ἐκτριβεῖ-

97 2304 135 2359 20
147 2310 216 2369 μος,
239 2284 294 2350 καί
315 2295 431 2370 σημεῖα
452 2286 569 2352 τούτων
595 2287 778 2353 ἐδείκνυσαν
799 2288 873 2373 ἡμῖν
894 2287 923 2353 οἱ
944 2285 1117 2371 ἐγχώριοι·
1163 2286 1200 2351 αλ
1216 2290 1246 2351 θ’

147 2382 194 2449 ἔτι
213 2385 395 2465 σωζόμεναό
412 2410 444 2450 τε
466 2389 653 2468 διαμένουσι
669 2391 723 2452 καί
743 2388 891 2473 λαμπραὶ
910 2394 1063 2472 λαμπρῶς
1084 2383 1247 2471 ἓοτηκοῖαι

147 2487 219 2552 εἰσί.
261 2485 432 2552 τούτωνδ’
457 2482 538 2552 εἶναι
561 2492 627 2574 storf
651 2487 789 2571 ἐμαυτόν
821 2487 962 2555 ἐνενόουν
984 2488 1018 2553 ἐκ
1038 2488 1179 2574 σημείων
1200 2510 1246 2553 τι·

146 2812 213 2865 bere
233 2812 330 2877 debet,
348 2828 435 2881 neque
455 2827 516 2865 sese
544 2814 575 2864 ad
598 2828 685 2865 rerum
712 2814 888 2936 fortunaeque
909 2813 1094 2867 condicionem
1112 2813 1248 2881 applicare

148 2898 217 2952 quae
236 2884 310 2935 lirmo
331 2885 444 2953 quodam
468 2884 637 2938 fundamento
666 2884 794 2952 indigeat,
822 2903 840 2937 n
859 2886 868 2935 i
889 2887 1045 2952 praesertim
1074 2886 1177 2937 animae
1196 2886 1248 2935 im.

147 2955 267 3006 mortalis
289 2972 360 3007 mors
379 2958 541 3022 sempiterna
560 2957 712 3020 immineat;
737 2971 792 3008 non
811 2966 978 3023 praesentem
997 2964 1104 3022 oportet
1122 2972 1182 3007 eum
1195 2970 1248 3006 vo-

77 3054 86 3063 .
148 3028 276 3093 luptatem
296 3034 420 3094 captare,
447 3029 492 3079 sed
512 3043 629 3096 eaquae
654 3029 681 3078 in
702 2995 818 3079 laturum
836 3036 939 3093 tempus
959 3028 1036 3079 utilia
1056 3029 1109 3079 sint
1140 3042 1247 3090 curare;

148 3113 202 3149 non
231 3106 301 3150 metu
329 3098 474 3151 mendaciis
504 3108 530 3150 et
557 3100 632 3151 falsis
657 3098 829 3183 opinionibus
861 3098 1018 3167 indulgere,
1050 3098 1098 3149 scd
1126 3098 1247 3150 veritatis

148 3170 351 3239 propugnaculo
365 3171 539 3235 improbitatis
559 3186 663 3222 causam
677 3171 843 3237 reprimere,
861 3186 916 3221 non
931 3165 1099 3223 detestabilia
1115 3177 1142 3222 et
1154 3169 1247 3221 odiosa

149 3242 312 3304 desiderare,
335 3242 382 3293 sed
400 3241 480 3293 rebus
501 3242 589 3294 noxiis
610 3258 698 3293 rernm
717 3242 871 3295 salutarium
884 3242 1082 3309 possessionem
1100 3242 1245 3309 praeferre.
1266 3272 1273 3286 ι

250 3329 342 3381 Statim
368 3331 450 3398 igitur
478 3339 540 3395 post
565 3331 762 3397 aequinoctium
787 3346 896 3383 vernum
914 3346 1010 3381 nat'em
1033 3337 1126 3381 nactus
1143 3330 1171 3380 in
1188 3331 1246 3383 Ae.

148 3408 258 3469 gyptnm
278 3400 457 3467 profecturam
471 3400 573 3452 lubenti
592 3403 679 3453 animo
698 3403 786 3454 statim
805 3403 958 3466 conscendi,
978 3410 1058 3467 atque
1077 3402 1182 3453 ancoris
1203 3403 1248 3453 in.

149 3472 273 3539 sequenti
302 3472 346 3522 die
371 3471 481 3524 sublatis
509 3488 542 3524 er
562 3473 691 3540 portubus
714 3473 871 3540 Byzantinis
890 3475 933 3525 die
953 3474 1066 3538 septimo
1082 3473 1114 3525 ad
1127 3472 1249 3525 Rhodio-

149 3558 207 3593 rum
228 3552 321 3609 portus
342 3545 522 3609 pervenimus,
541 3546 585 3597 nbi
605 3548 745 3597 ventorum
774 3545 949 3597 secundorum
968 3545 1057 3610 inopia
1076 3543 1172 3595 multos
1193 3544 1250 3595 dies

149 3617 304 3665 commorati
323 3615 544 3681 perlustravimus
562 3617 674 3668 insulam
691 3632 787 3683 resque
807 3618 867 3669 visu
887 3618 981 3685 dignas
1000 3616 1178 3682 adspeximus.
1200 3630 1250 3666 co.

150 3686 216 3737 lassi
235 3686 394 3744 vero-illius
415 3689 557 3756 vestigium
575 3688 693 3739 exstabat
707 3688 819 3753 nullum,
844 3691 923 3739 immo
941 3703 976 3739 nc
997 3688 1169 3738 coniecturae
1187 3688 1250 3755 qui.

148 3757 209 3807 dem
233 3756 309 3808 dabat
327 3757 432 3821 locum,
461 3775 524 3810 num
551 3774 663 3829 unquam
690 3760 855 3823 exstitisset,
877 3760 997 3827 quisquis
1023 3758 1071 3809 ille
1092 3759 1159 3820 fuit3
1175 3758 1250 3809 nulla

150 3829 220 3882 enim
238 3829 308 3878 aeris
328 3830 466 3895 particula,
488 3829 580 3881 nullae
600 3847 708 3898 prorsus
733 3838 808 3881 erant
829 3831 944 3896 lapidum
966 3830 1114 3897 reliquiae,
1135 3831 1157 3881 si
1181 3831 1250 3881 lorte

148 3915 183 3953 ex
202 3899 235 3950 iis
258 3899 425 3951 fundamenta
445 3910 579 3955 exstructa
598 3904 712 3954 lucrant
755 3902 859 3953 urbium
878 3904 1043 3968 antiquarum
1072 3901 1142 3952 aliae
1161 3909 1249 3951 terrae

148 3970 263 4022 motibus
285 3969 439 4038 absumptae
467 3981 543 4025 erant
563 3982 642 4042 atque
665 3974 838 4037 submersae,
862 3988 971 4041 quarum
994 3972 1174 4038 pulcherrima
1193 3977 1251 4020 erat

147 4041 258 4094 Rhodus
277 4043 379 4094 insulae
400 4046 575 4111 cognominis,
592 4062 735 4114 earumque
747 4045 863 4127 vestigia
879 4045 957 4096 nobis
971 4045 1005 4096 ab
1024 4044 1157 4111 indigenis
1171 4056 1249 4091 mon-

150 4112 315 4171 strabantur:
338 4114 408 4167 aliae
428 4125 516 4168 autem
538 4117 623 4169 adhue
645 4124 768 4171 servatae
780 4101 848 4169 sunt
861 4126 941 4184 atque
960 4115 1115 4182 splendidae
1137 4120 1249 4198 emunt,
