3017 4759
286 229 391 322 aot
490 221 495 226 ’
594 239 821 312 nrcmnom
852 233 1081 308 onaoontn

189 461 191 465 .
286 399 430 478 ἀτελοῦς.
470 408 502 471 εί
522 402 583 488 γὰρ
609 404 753 488 ἀλλήλων
776 397 898 488 ἄλληλα
921 404 1094 487 διαφέρει,
1117 396 1283 484 ἐστέρηται
1307 399 1402 462 πιέν-

152 512 174 567 i.
189 513 240 568 143
253 527 348 580 στοας
370 505 514 588 ἀλλήλων
546 497 669 589 ἀλληλα
698 506 772 570 καθ’
802 499 820 566 ἐ
854 506 1020 588 διαφέρει,
1050 502 1105 566 καί
1137 503 1255 582 γίνεται
1288 500 1400 564 δύνα-

286 633 341 688 μις
372 611 432 689 μὲν
454 599 575 692 ἀσοφος
596 602 696 690 σοφία
725 608 755 669 δ’
777 603 956 690 ἀδέναμος,
991 603 1046 666 καί
1073 601 1149 676 θεὸς
1182 593 1307 686 ἀσοφος
1336 598 1400 665 καί

288 705 463 789 ἀδάναμος,
490 710 546 769 καί
568 699 626 771 ἀεί
638 705 718 771 κατὰ
739 705 793 771 τάν
813 699 921 784 ὅμοιον
950 702 1066 786 τρόπον
1089 700 1281 788 ἐστερημένα
1307 698 1397 765 πάν-

220 825 352 876 Βιτυσν
374 805 502 871 ἅπαντα
527 810 583 870 ιιαί
604 805 740 887 δεόμενα
764 807 909 889 ἀλλήλων
932 795 1065 886 ἄλληλα.
1110 805 1192 889 φησί
1209 804 1268 886 γάρ
1293 800 1353 865 καί
1376 797 1423 884 ὅῑ,

286 905 434 988 θεολόγος
445 909 474 970 Γ
473 904 620 990 ρηγόριος
639 906 710 981 ι(τίς
732 906 865 981 ἀτελοῦς
887 907 1034 988 θεότητος
1049 897 1184 988 ὄνησις,·
1206 908 1328 985 μᾶλλον
1353 906 1394 966 δὲ

286 1013 332 1083 τίς
350 1008 466 1091 θεότης
488 1007 508 1089 ἦ
527 1003 571 1088 μη
592 1011 719 1087 τελείας
742 1012 846 1072 τελεία
869 1009 905 1069 δέ
925 1007 991 1080 πῶς
1013 1031 1033 1090 ῃ
1054 1007 1155 1068 λείπει
1176 1029 1206 1069 τι
1229 1002 1309 1085 πρὸς
1333 1029 1397 1068 τε-

285 1110 429 1187 λείωσιν,
453 1113 553 1172 λείπει
573 1110 608 1171 δέ
638 1108 763 1184 πάντοις
783 1106 831 1192 μη
854 1104 971 1193 ἐχούσῃ
994 1105 1031 1170 τὸ
1051 1101 1151 1187 ἅγιον.
1207 1104 1275 1189 ἔχοι
1300 1107 1330 1169 δ’
1350 1100 1397 1169 ἀν

289 1210 366 1285 πῶς,
388 1203 431 1293 μη
453 1211 543 1274 τοῦτο
566 1208 686 1291 ἔχουσα
694 1237 706 1290 ,·
728 1212 760 1273 εἷ
772 1208 832 1292 γάρ
856 1198 937 1290 ἄλλη
953 1231 1001 1282 τις
1022 1203 1108 1289 παραὶ
1134 1208 1227 1272 τοῦτο
1249 1206 1270 1288 ἤ
1294 1204 1396 1290 ἅγιό-

285 1333 352 1394 της,
376 1308 430 1373 καί
449 1307 540 1385 εἴτις
562 1307 644 1394 αὕτη
666 1320 796 1388 νοεῖται,
819 1293 943 1389 λεγέτω,
961 1308 1039 1398 ,τίς”.
1082 1311 1140 1372 καί
1152 1306 1169 1371 ὅ
1192 1312 1293 1390 μέγας
1317 1312 1440 1384 Bur-10

284 1414 403 1485 σίλειος
424 1408 478 1475 “el
502 1408 601 1495 φύσις
630 1406 740 1503 aspiro?
773 1408 873 1497 φησίν
899 1404 938 1471 “o‘
962 1405 1120 1491 ἁγιασμὸς
1148 1403 1192 1482 ὥς
1212 1407 1313 1492 πατρί
1334 1412 1399 1471 καί

287 1507 356 1598 υἱῷ,
380 1514 448 1584 πῶς
472 1515 579 1594 τρίτης
609 1511 678 1574 ἐστι’
708 1516 766 1575 καί
795 1511 966 1592 ἀλλοτρίας
1006 1506 1135 1594 φύσεως
1143 1509 1174 1589 ,·”
1206 1509 1395 1572 καῖπάλιν

281 1611 447 1694 “dyadis''
475 1611 558 1696 φησί
582 1609 638 1676 “το“
663 1616 789 1692 πνεῦμα
814 1609 857 1684 ὥς
876 1612 995 1693 ἀγαθὸς
1014 1597 1158 1695 ὄπατὴρ
1187 1613 1242 1674 καί
1263 1609 1396 1692 ἀγαθὸς

287 1709 360 1775 ide
379 1714 436 1778 τοῦ
470 1711 597 1794 ἀγαθοῦ
629 1717 812 1795 γεννηθείς,
843 1713 956 1775 οάσίαν
977 1709 1060 1794 ἔχων
1086 1707 1144 1793 την
1166 1711 1396 1794 dyaconem?

223 1812 363 1899 525pr
386 1815 453 1886 πῶς
476 1808 537 1892 οὐχ
559 1815 667 1895 ἕτερον
700 1815 755 1895 τῆς
781 1803 883 1896 ἁπλῆς
916 1814 971 1876 καί
993 1817 1083 1886 θείας
1116 1812 1229 1885 ου’σίας
1259 1809 1438 1893 ἀγιότηςςῑ,
1489 1845 1494 1850 ·

278 1911 523 1995 ,καίἀγαθάτης
558 1917 613 1976 καί
645 1915 789 1995 ἐνέργεια
821 1912 876 1976 καί
904 1911 943 1975 rui
966 1915 1120 1993 τοιαῦτα,
1150 1908 1231 1975 ἀλλά
1256 1907 1395 1976 ταάτόν,

287 2010 363 2078 ἑλοῦ
384 2014 500 2096 τοίνυν,
523 2006 551 2077 cd
571 2017 659 2078 καινέ
680 2013 832 2099 θεολόγε,
855 2017 918 2078 ταῖν
951 2015 1104 2096 ἀσεβειῶν
1135 2006 1290 2098 ὁποτέραν
1304 2015 1397 2076 ’ἐθέ-

209 2172 212 2179 ,
287 2124 361 2190 λεις.
404 2115 518 2189 ἀθεΐας
537 2114 597 2200 γάρ
621 2113 676 2179 καί
696 2117 871 2190 πολυθείας
901 2113 939 2179 τά
967 2117 1083 2178 toruus
1108 2121 1200 2200 φέρει
1231 2139 1281 2179 σοι
1310 2139 1397 2198 κρη-

198 2204 207 2212 ’
289 2214 376 2300 μνόν,
399 2212 454 2279 ἐπ’
476 2215 622 2299 ἀλλήλων
638 2216 827 2299 ἐλεγχόμενα
846 2218 901 2280 καί
922 2217 986 2280 κατ’
1006 2217 1150 2300 ἀλλήλων
1165 2213 1394 2292 στασιάζοντα.

291 2317 324 2382 τὸ
337 2320 406 2399 Ιμέν
423 2314 484 2402 γὰρ
510 2313 619 2380 ἄνισον
648 2315 682 2381 ἐν
715 2323 780 2392 τοῖς
802 2322 927 2391 πολλοῖς
949 2318 1071 2399 ἐλέγχει
1099 2313 1134 2380 τὸ
1157 2317 1314 2400 διάφορον
1336 2319 1397 2379 καί
1403 2349 1438 2403 20

282 2413 476 2499 ἀσίμβατον
495 2418 552 2500 τῆς
574 2418 767 2493 πολυθείας·
789 2415 807 2499 ἦ
831 2418 866 2480 δέ
888 2419 1044 2481 πολυθεΐα
1075 2417 1212 2513 συμφυᾶ
1234 2410 1291 2498 την
1316 2416 1395 2478 δια-

291 2724 451 2796 proreniant
469 2739 580 2777 numero
601 2723 683 2789 duali,
704 2725 769 2778 dena
785 2725 920 2779 increatus
945 2733 973 2777 ct
990 2723 1106 2778 risibilis
1133 2723 1278 2776 secundum
1295 2731 1340 2788 te,
1361 2728 1392 2774 et

291 2798 423 2866 quomodo
450 2796 526 2848 multi
545 2796 588 2847 dei
608 2796 652 2861 hi,
678 2799 724 2864 qui
749 2799 950 2849 consociatione
973 2799 1010 2849 ita
1029 2797 1298 2864 procedant‘sompcr
1318 2809 1391 2845 con..

291 2877 363 2923 stent
383 2884 442 2920 cum
460 2868 629 2935 imperfecto,
649 2869 748 2919 etenim
767 2871 791 2920 ai
810 2871 897 2920 omnia
915 2870 985 2920 inter
1010 2885 1040 2920 ae
1060 2869 1193 2932 differunt,
1213 2867 1306 2918 orbata
1324 2873 1391 2918 sunt

291 2957 321 2992 se
344 2939 509 2992 invicemilia
533 2941 603 3008 quod
630 2940 662 2991 ad
681 2940 856 2992 differentiam
878 2941 988 3004 attinet,
1019 2948 1046 2991 et
1074 2940 1163 2992 evadit
1185 2940 1228 2991 vis
1246 2938 1390 3003 insipiens,

291 3013 423 3079 sapientia
441 3012 545 3063 infirma
569 3020 596 3062 et
622 3011 687 3061 deus
707 3003 838 3078 insipiens
866 3021 892 3062 et
915 3013 1049 3075 infirmus,
1071 3019 1098 3062 et
1115 3024 1221 3077 semper
1239 3008 1320 3060 simili
1340 3023 1390 3058 ra.

247 3133 253 3142 ,
290 3087 364 3135 tione
382 3083 446 3134 orba
473 3082 594 3134 omnibus
613 3083 720 3146 omnia,
740 3091 767 3132 et
792 3084 910 3133 carentia
937 3081 1111 3134 seinvicem.
1154 3083 1193 3132 ait
1218 3081 1287 3134 enim
1306 3079 1389 3129 etiam

291 3155 436 3220 Gregorius
456 3152 616 3219 theologus:
639 3168 706 3218 quae
725 3154 872 3205 divinitatis
891 3153 1064 3220 imperfectae
1086 3153 1198 3217 utilitas,
1217 3153 1278 3203 sive
1296 3151 1389 3216 potius
1415 3196 1419 3200 .

290 3239 360 3292 quac
392 3232 434 3276 est
452 3224 592 3286 divinitas,
618 3218 687 3290 quae
709 3239 764 3274 nou
783 3224 971 3291 superiecta,
998 3225 1117 3291 perfecta
1146 3231 1234 3274 autem
1252 3221 1388 3290 quomodo

290 3310 352 3346 csse
370 3302 468 3360 potest,
488 3295 530 3345 cui
549 3294 619 3345 desit
642 3296 743 3362 aliquid
767 3297 799 3346 ad
817 3293 1031 3361 perfectionem?
1077 3296 1153 3346 deest
1172 3302 1259 3346 autem
1279 3292 1389 3344 omniuo

289 3381 345 3418 non
364 3365 472 3416 habenti
490 3369 619 3427 sanctum,
638 3365 770 3432 quomodo
790 3375 877 3418 autem
895 3366 1007 3430 habeat,
1026 3367 1049 3417 si
1067 3367 1123 3434 hoo.
1138 3381 1192 3417 non
1212 3362 1313 3415 habet?
1343 3371 1391 3414 ot-

276 3437 362 3498 'enim
380 3438 404 3489 si
421 3435 475 3487 alia
496 3444 578 3503 atque
597 3437 648 3487 hoc
668 3427 868 3502 est‘sanctitas‚
897 3453 929 3488 ac
956 3439 1048 3504 siqua
1070 3453 1101 3488 ea
1120 3439 1272 3505 cogitatur,
1292 3434 1390 3497 dicito,

264 3559 270 3563 .
291 3524 370 3578 quac.
407 3516 434 3559 et
459 3523 569 3576 magnus
587 3507 719 3572 Basilius,
742 3510 766 3560 si
794 3509 970 3561 sanctificatio
990 3511 1030 3572 ei,
1056 3509 1162 3576 iuquit,
1187 3514 1228 3560 est
1245 3513 1340 3556 natura
1358 3512 1391 3554 ut

290 3582 359 3649 patri
379 3587 406 3633 et
424 3579 490 3644 tilio,
510 3578 642 3646 quomodo
660 3575 756 3630 tertiae
777 3588 817 3632 est
835 3587 861 3631 et
879 3581 986 3631 alienae
1005 3577 1137 3631 naturae?
1165 3586 1192 3630 et
1211 3591 1317 3639 rursus,
1335 3575 1390 3626 bo-

290 3669 340 3705 nus
360 3661 409 3717 sat,
428 3653 525 3720 inquit,
546 3652 655 3717 spiritus
673 3659 702 3700 ut
720 3651 805 3702 bouus
825 3653 900 3718 pater
926 3659 952 3703 et
969 3651 1054 3703 bonna
1080 3652 1102 3702 is
1123 3651 1168 3718 qui
1191 3665 1225 3700 ex
1243 3648 1314 3699 bono
1336 3662 1392 3714 ge-

290 3733 399 3776 neratus
419 3732 477 3786 est,
497 3725 640 3795 essentiam
658 3721 758 3773 habens
779 3723 932 3774 bonitatem.
971 3723 1046 3774 vides
1062 3737 1115 3772 non
1135 3723 1268 3772 diversam
1287 3734 1302 3770 a
1322 3720 1391 3769 sim.

291 3795 356 3862 plici
386 3803 413 3845 et
430 3795 522 3846 divina
540 3795 657 3844 essentia
683 3809 742 3844 esse
761 3795 927 3846 sanctitatem
955 3801 984 3844 et
1002 3793 1145 3848 bonitatem
1169 3799 1196 3842 et
1216 3789 1392 3842 efficientiam

293 3864 411 3927 attalia,
430 3865 478 3915 aed
498 3865 622 3916 eandem·
655 3863 727 3932 elige
747 3866 830 3933 igitur
851 3874 957 3930 utrum,
976 3880 992 3916 ο
1009 3864 1141 3933 ,theologe
1159 3877 1242 3926 nove,
1261 3861 1391 3927 impietu-

292 3945 345 3988 tem
364 3934 460 3997 malia;
479 3935 544 3985 talia
564 3938 649 3999 enim,
671 3951 724 4002 per
742 3950 772 3986 se
792 3937 907 3987 invicem
932 3937 1036 3988 detecta
1057 3944 1091 3994 et,
1111 3942 1205 3986 contra
1223 3949 1253 3984 se
1272 3933 1392 3984 inuicem

292 4006 438 4076 pugnantia
463 4005 512 4056 tibi
537 4005 651 4058 afferant
679 4006 830 4058 barathrum
855 4009 986 4076 dogmatis
1004 4007 1113 4059 >nullius
1136 4007 1181 4057 dei
1201 4012 1228 4056 et
1245 4003 1392 4054 multorum

293 4081 410 4132 deorum.
448 4074 578 4128 dissimile
598 4079 714 4129 enimin
734 4077 854 4144 piurimis
881 4080 983 4148 detegit
1006 4080 1188 4132 diversitatem
1208 4083 1236 4128 et
1256 4074 1392 4126 dissocia.

200 4212 205 4217 ¹
292 4151 393 4208 tionem
409 4148 562 4216 multorum,
581 4149 677 4220 dogna
695 4157 783 4203 autem
801 4149 943 4209 multorum
960 4152 1071 4206 deorum
1090 4165 1149 4204 cum
1167 4154 1320 4204 concrctam
1339 4143 1393 4198 tu.
