3017 4759
204 266 427 336 ursromsn
449 267 846 338 aratur-rutarum.
863 251 1055 336 λλ-λο,
1121 255 1196 336 tet

77 433 167 498 σταί
204 434 233 498 δ’
260 431 425 508 Ἀττικαί,
447 433 558 516 μεστοί
588 433 616 496 δ’
653 431 767 498 ὁπόσοι
800 429 1011 518 διάγλοόττης
1042 434 1075 498 έν
1103 432 1197 497 παντί
1237 489 1239 492 .
1301 448 1304 461 “

81 535 202 618 καιρηῖ
226 534 281 598 καί
300 531 386 618 τόπῳ
416 541 481 608 τοῖς
512 532 694 617 ἀνθρώποις
722 532 869 604 ἀνύοντατ
901 534 1038 598 δίαυλοι.
1080 531 1115 598 τὰ
1137 537 1196 617 μὲν
1206 537 1263 598 ss

86 633 158 719 γάρ
176 631 222 716 ,“δ
244 632 356 719 παρών
377 635 506 719 καιρός,
532 629 558 699 ai
576 629 760 718 Ἀθηναῖοι,
789 635 964 717 μονονουχὶ
983 633 1070 726 λέγεν
1089 634 1198 721 φωνὴν

87 733 241 820 depasti?
270 735 502 818 Δημοσθένους
524 731 577 812 ἀν,
614 736 669 798 καί
692 729 734 797 αὖ
753 731 788 798 τὸ
813 727 901 796 “οἷον
930 732 1078 819 ἁλμυρὰν
1100 731 1197 818 ἀκοὴν

51 833 362 918 5ἀποκλάσασθαο”
382 834 568 913 Πλάτωνος,
601 835 721 900 καὶτὸ
741 833 879 918 “μικροδ
910 835 972 898 δέω
994 832 1123 918 λέγειν,”
1142 833 1199 899 att

86 931 157 998 ἀσα
178 937 320 1012 τοιαῦτα,
343 934 506 1000 συστέλλει
526 959 594 1012 πως
609 934 649 999 ιτδ
666 931 809 1010 αὔθαδες
829 937 884 1018 τῆς
907 935 1037 1011 έννοίας,
1060 930 1103 1009 ὥς
1123 934 1195 1019 μήτ’

87 1038 165 1098 ἐκεῖ
182 1034 349 1120 λαλητικδν
383 1038 463 1115 ζῶον
491 1034 618 1101 οἴεσθαι
649 1033 704 1100 τδν
724 1035 855 1118 καιρόν,
878 1035 949 1118 μήτ’
970 1037 1111 1098 ἐνταῦθα
1132 1039 1195 1098 θα-

88 1137 225 1211 λαττίας
250 1133 350 1222 ἀλμης
368 1134 514 1222 ἄντικρυς
536 1137 666 1217 ἀπόζειν
679 1135 733 1202 τὸν
755 1136 857 1219 λόγον.
880 1135 937 1200 καί
954 1135 1007 1198 ἵνα
1028 1135 1086 1200 τ’ἀν
1105 1136 1194 1221 μέσῳ

89 1235 249 1320 παρέντες
271 1237 316 1312 εἰς
344 1235 397 1301 τὸν
429 1243 634 1322 προκειμένου
657 1236 843 1317 ἀνέλθωμεν
873 1234 1001 1318 δρόμον,
1022 1237 1078 1317 τῆς
1100 1235 1197 1318 αὐτῆς

36 1337 148 1402 1οκαἰ
172 1335 201 1400 οἱ
224 1342 307 1402 θεῖοι
328 1337 461 1424 πατέρες
476 1337 629 1420 ,ἐχόμενοι
655 1336 782 1421 γνώμης
808 1337 864 1400 καί
892 1335 1083 1419 ἐπιστήμης,
1116 1335 1197 1400 κάπδ

86 1441 189 1523 τῆσδε
217 1441 273 1522 τῆς
299 1433 424 1524 ἑορτῆς,
451 1440 506 1501 τοῦ
534 1438 592 1520 μὲν
619 1440 748 1522 γυμνάς
767 1459 801 1498 τε
834 1435 889 1500 καί
920 1435 1197 1518 ἀπαρακαλύπτως

90 1541 197 1604 εἰπεῖν
218 1539 402 1625 ὀφθαλμοῖς
425 1539 640 1624 ἀνθρωπίνοις
650 1534 705 1620 τὴν
727 1533 871 1600 ἀκτιστον
887 1533 1040 1620 ἀρᾶσθαι
1061 1536 1196 1619 θνδτητα

90 1641 298 1705 παντάπασιν
328 1639 517 1720 ἀπέσχοντο·
567 1637 623 1701 καὶ
657 1636 713 1700 onix
744 1632 782 1700 ἀν
813 1661 861 1711 τις
891 1634 1005 1713 δείξειέ
1030 1658 1115 1712 ποτε,
1137 1631 1196 1699 κάν
1206 1647 1263 1699 10

91 1740 280 1826 σωφρονοίη
302 1736 362 1803 κάν
381 1739 535 1822 μαίνοιτο,
557 1733 629 1802 οὔτε
658 1735 788 1823 γραφὴν
809 1732 880 1801 οὔτε
905 1737 1026 1818 βίβλον,
1052 1731 1123 1800 οὔθ
1149 1733 1196 1812 t‘e-

42 1840 156 1928 15ράν
180 1830 250 1906 oie*
273 1834 519 1923 ἑλληνίζουσαν,
546 1833 614 1904 οὔτε
644 1840 877 1924 σωφρονοῦσαν
899 1831 969 1900 οὔτε
990 1837 1195 1922 μαινομένην,

90 1942 247 2026 τοσαύτης
285 1941 434 2024 ἀσεβείας
465 1947 699 2024 μετεσχηκοῖαν
727 1934 804 2022 ἄχρι
837 1939 893 2004 καί
913 1941 947 2014 ές
970 1939 1083 2020 δεῦρο·
1127 1941 1196 2016 πῶς

91 2044 165 2129 γάρ,
189 2041 222 2104 οἳ
241 2043 296 2106 καί
316 2039 427 2124 ψυχὴν
448 2040 526 2124 ἡμῖν
546 2039 703 2126 ἡμετέραν
728 2039 866 2104 ἀθέατον
887 2038 996 2104 ἴσασιν
1017 2033 1118 2103 οὖσαν
1139 2039 1195 2106 καί

94 2142 191 2230 φύσιν
206 2142 398 2226 -ἀγγτλικήν,
421 2141 477 2206 καί
498 2139 517 2205 δ
536 2140 582 2224 μὴ
603 2143 716 2223 σῶμα,
745 2143 822 2224 μηδ’
852 2141 885 2204 έν
914 2139 1039 2220 σοίματι
1059 2142 1144 2218 πᾶν;
1167 2141 1195 2202 εἰ

92 2241 153 2328 γάρ
174 2239 217 2306 χοὶ
242 2239 344 2326 ἀγιοι,
378 2241 476 2327 φησίν
497 2239 522 2306 ἀ
544 2246 632 2316 θεῖος
656 2241 903 2324 Χρυσόστομος,
933 2238 989 2302 καί
1017 2240 1196 2320 πνευματος

46 2355 85 2414 te
96 2340 186 2425 ἁγίου
209 2339 399 2424 ἠξιωμένοι,
424 2339 531 2426 ὥσπερ
555 2341 610 2404 καί
640 2339 657 2405 ὅ
682 2338 762 2423 ἀνὴρ
784 2342 849 2404 τοῖν
870 2340 1052 2420 ἐπιθυμιῶν
1071 2337 1194 2402 θεασά·

95 2466 188 2526 μενος
216 2441 347 2526 ἀγγέλου
382 2443 584 2527 παρουσίαν,
616 2441 671 2506 οάκ
695 2440 792 2524 αὐτὴν
819 2438 875 2524 τὴν
895 2438 1007 2505 οὐσίαν
1028 2440 1112 2525 (πῶς
1132 2436 1193 2522 γὰρ

98 2537 209 2632 οἷόντε
241 2541 407 2625 ἀσώματον
439 2541 551 2608 οὐσίαν
579 2543 692 2629 ἰδεῐνς)
729 2539 811 2605 ἀλλά
837 2542 1196 2624 μετασχηματισθεῖσαν

95 2641 150 2732 την
169 2641 338 2732 ἐνέργειαν,
359 2643 478 2734 μικροῦ
501 2644 566 2707 δεῖν
596 2643 652 2708 καί
674 2642 772 2726 αὐτὴν
792 2640 848 2726 τὴν
868 2639 979 2724 ψυχὴν
1001 2639 1117 2726 ἀφῆκε,
1138 2638 1194 2704 καί

98 2951 153 3013 tici,
170 2947 244 3014 pleni
263 2948 415 3015 quicunque
435 2949 506 2999 omni
526 2955 647 3014 tempore
667 2955 694 2998 et
711 2946 773 2998 ioco
791 2947 909 2999 confecti
927 2953 999 2998 sunt.
1035 2942 1104 2997 iilud
1123 2945 1193 2996 enim

101 3019 269 3071 “hodiernum
289 3026 402 3084 tempus,
422 3018 610 3093 Athenieusps,
625 3033 711 3085 paene
730 3017 850 3085 loquitur
868 3030 938 3068 voca
958 3016 1073 3066 anrissa”
1092 3015 1195 3067 Demo.

101 3089 198 3144 athenis
217 3095 266 3153 est,
289 3095 315 3140 et
333 3090 401 3140 idem
422 3091 638 3158 “quasiamarum
649 3087 928 3155 nuntiumrespuere''
939 3085 1067 3150 Platonis,
1083 3093 1111 3137 et
1126 3085 1194 3138 iilud

104 3162 201 3212 “minus
221 3172 287 3226 opus
308 3168 349 3211 est
367 3162 495 3224 dicere‚”
514 3169 541 3212 et
559 3177 627 3228 quae
650 3168 711 3212 sant
730 3159 844 3223 similia,
870 3159 1007 3210 fortiorem
1032 3159 1193 3209 sententiam

104 3232 288 3301 quodammodo
308 3239 449 3295 coercent,
469 3234 504 3282 ita
524 3241 659 3300 annaque
681 3232 723 3282 iric
748 3230 862 3298 loquens
887 3229 984 3281 animal
1003 3237 1112 3296 putetur
1133 3243 1193 3280 esse

103 3313 209 3368 tempus,
228 3317 316 3370 neque
333 3302 392 3354 iilic
411 3303 536 3358 marinam
556 3304 755 3355 amaritudinem
776 3303 851 3354 aiere
868 3303 964 3354 oratis.
1002 3310 1081 3368 atqua
1100 3308 1193 3367 utpra.

104 3375 210 3426 metiore
232 3374 413 3442 retiaquamus
439 3376 516 3426 etad
536 3375 697 3442 propositam
718 3375 789 3429 viam
807 3375 957 3437 redeamus,
977 3373 1085 3424 eandem
1108 3371 1193 3423 divini

104 3454 187 3514 putres
205 3448 363 3497 sententiam
384 3455 411 3498 et
432 3447 576 3498 doctrinam
598 3454 742 3498 tenuerunt
761 3454 787 3498 et
811 3447 838 3497 in
861 3445 930 3497 festa
948 3443 1000 3496 iliu
1017 3445 1124 3494 omniuo
1144 3456 1213 3493 ea.·

105 3524 204 3578 verunt,
224 3531 258 3568 ue
278 3526 370 3583 aperte
391 3525 417 3569 et
438 3518 517 3586 pinne
542 3519 664 3570 dicerent
688 3515 778 3570 eeuirs
806 3518 925 3569 humanis
952 3518 1096 3568 increatum
1118 3514 1193 3565 cerui

106 3589 232 3641 deitatem.
271 3603 322 3640 nec
341 3593 477 3656 quiequam
499 3590 557 3642 sive
577 3590 684 3656 sepiens
693 3591 752 3640 sive
771 3589 901 3656 iusipiens
911 3588 1059 3640 ostenderit
1069 3599 1192 3652 uuquam,

107 3659 147 3711 vei
167 3660 291 3726 seriptum
307 3660 351 3711 vet
370 3661 464 3713 librum
484 3671 530 3713 aut
548 3677 652 3714 sacrum
665 3668 710 3712 ant
727 3661 877 3726 profanum,
896 3668 942 3713 aut
960 3658 1106 3724 prudenter
1125 3667 1193 3705 eun..

107 3731 225 3796 scriptum
245 3739 290 3781 aut
307 3731 420 3795 furiose,
440 3740 510 3784 tauta
530 3733 666 3802 impletum
685 3735 822 3799 impietate
848 3746 933 3798 usque
953 3730 985 3781 ad
1007 3727 1059 3778 hoe
1077 3735 1192 3793 tempas.

109 3801 232 3869 quomodo
253 3803 322 3852 enim
342 3805 455 3854 animum
474 3812 589 3855 nostram
619 3805 707 3856 sciunt
731 3804 895 3855 invisibilem
916 3815 977 3851 esse
997 3806 1023 3850 et
1042 3799 1192 3868 angelicam

108 3871 217 3926 natarum
236 3880 263 3923 et
281 3873 408 3940 quidquid
426 3875 455 3924 in
472 3889 584 3940 corpere
603 3890 763 3942 nuncurpns
781 3883 830 3925 est.
850 3874 873 3926 si
888 3873 968 3935 euim,
988 3871 1192 3936 divinnschrp.

109 3952 229 3998 enatemus
249 3944 295 4008 ait,
316 3945 399 3994 sancti
422 3947 530 4010 spiritua
554 3947 638 3997 divini
657 3947 802 4014 participes
823 3945 885 3996 iacti
908 3951 937 3995 et
956 3943 1000 3994 via
1026 3944 1120 3996 videns
1142 3957 1192 3992 ex-

108 4016 292 4083 spectationum
311 4013 446 4082 sagatum
455 4025 638 4084 praesentem,
663 4033 717 4079 nen
740 4019 823 4084 ipsam
844 4017 985 4068 essentiam
1012 4014 1101 4084 (sulio
1122 4014 1192 4064 enirn

107 4088 176 4140 modu
194 4085 259 4138 lieet
268 4089 452 4153 incorpoream
463 4090 604 4140 essentiam
612 4091 714 4154 videre,
734 4089 781 4140 sed
791 4095 941 4138 concretam
952 4089 1092 4153 virtutem)
1105 4098 1193 4149 paene

28 4191 30 4204 ·
108 4161 184 4230 ipsam
201 4159 314 4214 unimam
331 4159 420 4220 emisit
438 4167 466 4212 at
484 4159 698 4230 taliatautusqne
712 4161 754 4216 vir
768 4172 858 4224 auena
878 4159 1041 4224 ieraiaauit,
1062 4157 1121 4226 qais
1140 4161 1191 4233 eat,
1221 4165 1225 4177 “
