3017 4759
274 211 350 286 sos
577 209 808 280 urcaoaom
827 177 1077 276 'emanata

279 370 357 444 οότο
376 375 438 461 γὰρ
473 376 511 439 τό
543 369 754 441 adleuandus
782 370 817 438 τό
842 363 1121 457 daemoniosi
1143 369 1402 455 αἀιρίγραιινον

278 480 313 543 όν
335 486 401 555 τοῖς
419 483 548 550 πολλοῖς
568 473 792 562 φνλάττεσθαι
814 472 961 541 δόναται.

210 597 265 649 81
371 575 466 666 Ὁρᾷς
488 581 567 659 unic,
591 572 673 641 όιιοο
697 569 855 663 όιαφορῖἱς
876 574 893 639 ό
917 577 1008 657 λόγος
1030 573 1151 640 ἔννοιαν
1174 574 1396 658 παρεισάγει,

276 679 385 747 ἕπεται
406 685 466 760 μὲν
486 678 587 753 tuldila
616 675 653 741 τό
673 678 816 760 πλῆθος,
849 673 1012 741 ἐλαύνεται
1042 679 1077 741 δὲ
1096 673 1133 741 τό
1165 672 1199 738 ἓν
1218 671 1301 754 μετὰ
1325 675 1399 738 τοῦ

277 783 479 846 catalaunos·
501 779 634 863 αἰιείροα
656 783 711 842 καί
731 773 969 860 σίνιεριγρόιιιοο
984 777 1038 840 ναί
1059 773 1120 841 όσα
1133 779 1186 860 τῆς
1208 777 1304 849 θείας
1326 773 1425 836 orl-5

278 884 351 955 σιάς
371 879 451 956 ἴόια,
472 882 593 961 μᾶλλον
616 881 645 942 δ’
663 872 722 942 όσα
743 883 867 964 πέφυκέ
889 901 923 941 τε
946 881 1001 942 καί
1022 874 1107 943 ἔστιν
1128 873 1147 961 ἧ
1167 881 1243 940 θεῖα
1267 876 1396 954 ου’σίας

277 977 361 1047 ὅσθ’
385 973 468 1044 όνιοο
492 979 528 1043 τό
552 984 670 1063 ιινρίως
691 977 735 1060 ἓν,
756 977 773 1041 ό
798 977 872 1054 θοός
894 979 1029 1062 δηλαδή,
1051 969 1146 1060 χώρα
1164 983 1231 1051 τοῖς
1252 981 1399 1050 πολλοῖς

280 1085 335 1146 ναί
357 1080 530 1164 διαφόροις
550 1082 608 1143 οιίν
626 1077 711 1144 ἔστιν
727 1079 799 1142 οὐδ’
820 1079 960 1163 ἡτισοῦν.
1005 1082 1045 1143 ου’
1061 1079 1122 1163 γὰρ
1140 1082 1231 1142 θέσιν
1251 1074 1323 1160 τινὰ
1354 1071 1397 1140 τό

282 1186 371 1246 datos
392 1183 491 1246 ἐκεῖνο
514 1183 548 1244 ἓν
571 1182 668 1266 δηλοῖ,
691 1178 836 1262 ιιαθόιιερ
857 1183 891 1244 ιό
914 1183 947 1244 όν
960 1189 1023 1258 ιοῖς
1045 1186 1195 1260 κτίσμασι
1217 1201 1398 1258 καταχρη-

282 1285 399 1355 στιιιιός
425 1279 590 1364 λεγόμενον
612 1281 669 1344 καί
686 1286 720 1346 όν
732 1289 799 1358 τοῖς
819 1287 946 1357 πολλοῖς
961 1278 1183 1364 θεωρούμενον
1203 1281 1247 1344 ἓν.
1292 1275 1312 1340 ό
1332 1275 1401 1342 καί
1411 1281 1444 1337 to

281 1381 390 1466 α’ρχὴν
413 1377 501 1447 εἶναι’
521 1407 602 1469 φασι
630 1383 749 1458 παντός
769 1385 891 1463 ιιοσοό,
908 1381 963 1445 καί
980 1380 1061 1465 πλὴν
1084 1383 1199 1445 ον’σίαν
1221 1379 1283 1461 οόχ
1307 1377 1398 1464 dupt-

283 1489 427 1550 σταοθαι
447 1488 523 1549 καθ’
544 1483 637 1569 αότό,
656 1489 712 1549 καί
731 1478 809 1550 ulmo
822 1488 880 1549 τοῦ
900 1477 970 1561 ἑνός
989 1480 1103 1549 roduna
1126 1478 1172 1564 μὴ
1196 1475 1279 1546 εἶναι
1304 1483 1399 1562 πλῆ-

281 1589 352 1662 θος.
391 1584 494 1669 »lydo
517 1582 698 1671 μετάληψις
726 1588 786 1650 roal
814 1577 884 1661 ἓνός
905 1584 961 1649 καί
981 1583 1016 1650 τό
1037 1577 1120 1658 aldae
1143 1584 1245 1647 αόισό
1266 1578 1304 1646 τό
1324 1584 1399 1644 ταῖν

202 1716 205 1720 ·
284 1688 408 1749 πολλῶν
442 1685 594 1772 όφίστησι
623 1686 730 1752 αοοόν.
786 1683 862 1750 duaa
885 1685 940 1748 καί
970 1683 1061 1761 δοιός
1089 1686 1148 1766 μία
1170 1688 1311 1766 λέγεται,
1335 1679 1400 1744 καί

283 1783 390 1869 χιλιός
420 1789 476 1850 ιιιιί
497 1787 620 1869 μοριός
648 1790 703 1852 καί
728 1785 767 1852 τό
790 1784 835 1852 ἔτι
867 1784 988 1853 τοότων
1010 1782 1196 1867 λεπτότερα,
1219 1781 1335 1866 τετράς
1358 1804 1398 1846 τε
1409 1797 1440 1851 15

283 1894 344 1968 μία
366 1889 421 1950 aaa*
443 1885 557 1964 πενιός
587 1890 641 1951 καί
660 1886 699 1953 τό
726 1891 877 1968 τοιαῦτα,
900 1893 955 1952 ιιαί
984 1883 1046 1951 όοα
1067 1890 1104 1972 τῇ
1123 1888 1180 1950 roal
1201 1883 1309 1958 εἴδους
1330 1907 1399 1965 με-

286 1990 367 2074 τοχῇ
390 1991 646 2066 ιαοτίζονιαιίε
666 1990 722 2052 καί
742 1988 822 2073 ιιρός
850 1987 887 2054 τό
919 1989 953 2053 ἓν
982 1989 1205 2073 ἀναφέρονται.
1249 1984 1306 2049 καί
1327 1983 1397 2069 γόρ

288 2084 325 2151 τό
347 2089 449 2152 πολλὰ
474 2098 539 2163 τοῖς
560 2093 692 2173 μέρισιν
710 2090 744 2153 ἓν
763 2094 805 2178 τρῖ
826 2083 899 2178 όλιρ,
922 2093 975 2153 καί
996 2085 1032 2152 τό
1057 2085 1158 2152 πολλοὶ
1181 2095 1245 2161 τοῖς
1265 2090 1400 2168 συμβε-

218 2245 222 2251 .
259 2243 263 2249 .
287 2189 421 2272 paudum
441 2191 475 2256 ἓν
496 2193 540 2278 τῷ
560 2191 777 2280 όιιοιιιιμένιρ,
799 2195 855 2255 καί
881 2191 918 2256 τό
940 2192 1039 2255 πολλὰ
1063 2198 1128 2264 τοϊς
1155 2189 1273 2253 εἴδεσιν
1294 2190 1330 2252 ἓν
1350 2191 1401 2276 τῷ

157 2294 380 2374 Mummium,
404 2293 460 2355 καί
479 2290 514 2356 τό
538 2291 639 2357 πολλοὶ
662 2303 731 2370 ταῖς
753 2293 902 2376 νιροόόοις
920 2295 953 2358 ἓν
982 2294 1020 2379 τῇ
1042 2291 1140 2378 α’ρχῇ.
1184 2292 1239 2354 καί
1267 2291 1308 2351 ou’
1329 2286 1440 2370 μό-λθ

270 2382 343 2455 ανον
363 2395 418 2456 ἐπί
431 2397 494 2457 ταῖν
519 2396 745 2477 διωρισμένων,
763 2393 842 2458 όλλό
864 2399 919 2458 ναί
938 2396 975 2458 τό
999 2397 1119 2476 συνεχῆ
1135 2390 1237 2457 αόντα
1258 2397 1397 2478 μεγέθη,

288 2492 321 2555 εί
339 2490 449 2578 φιόγιι
471 2489 507 2557 τό
534 2495 587 2574 ἓν,
620 2495 666 2569 εἰς
694 2499 815 2578 πλῆθος
844 2491 924 2557 καιό
948 2493 1218 2577 ἀντιπεπόνθασιν
1246 2493 1400 2576 θρυπτό-

289 2589 666 2678 nequidpatiatur
689 2586 727 2677 ἣν
751 2589 836 2678 εἶχεν
859 2594 1054 2676 οίιιόλλνοιν,
1077 2587 1184 2658 οόιιέιι
1204 2584 1281 2658 όντα
1302 2585 1322 2654 ό
1343 2584 1396 2675 ἤν.

292 2890 459 2953 sanantem.
502 2912 554 2952 aee
580 2900 650 2952 enim
674 2899 823 2968 perlectum
848 2914 898 2952 noc
927 2901 1084 2954 immensum
1110 2914 1162 2954 neo
1180 2897 1346 2952 indefinitum
1365 2899 1396 2951 in

291 2969 383 3024 multia
401 2970 505 3023 servari
524 2978 623 3038 potest.

392 3067 519 3133 videsne,
539 3069 681 3137 quomodo,
703 3069 748 3121 ubi
768 3085 848 3122 causa
869 3070 1007 3122 uarietatis
1032 3068 1279 3134 notionem‘inlert
1298 3069 1394 3137 sequi.

294 3145 338 3192 tur
357 3141 445 3191 statim
463 3139 620 3204 multitudo,
652 3141 803 3207 depellatur
830 3157 911 3194 unum
938 3157 996 3192 cnm
1024 3141 1146 3193 absoluto
1174 3149 1201 3192 et
1218 3143 1347 3192 immenso
1365 3146 1395 3190 et

294 3211 399 3262 infinito
419 3219 446 3262 et
464 3226 533 3279 quae
553 3212 661 3263 diuinae
680 3215 814 3264 essentiae
834 3215 941 3281 propria
965 3221 1026 3265 suut
1047 3221 1092 3264 aut
1109 3213 1198 3279 potius
1218 3211 1313 3281 quibus
1331 3218 1394 3262 nata

296 3289 337 3334 est
356 3288 384 3333 et
404 3289 445 3332 est
463 3283 554 3333 diuina
573 3282 711 3335 essentia?
747 3285 839 3353 itaque
853 3285 897 3336 ubi
921 3293 961 3336 est
978 3285 1087 3352 proprie
1105 3300 1186 3335 unum
1204 3282 1311 3336 scilieet
1328 3283 1393 3334 deus

295 3351 372 3404 locus
394 3354 484 3405 multis
511 3361 538 3404 et
562 3355 678 3406 diversis
709 3354 800 3407 nullus
819 3363 868 3408 est.
915 3372 968 3408 non
995 3359 1064 3408 anim
1084 3357 1245 3423 positionem
1266 3354 1394 3422 quandam

295 3424 414 3477 divinum
433 3424 500 3478 illud
527 3441 607 3476 unum
626 3425 761 3490 involvit,
790 3427 1007 3496 quemadmodum
1032 3430 1063 3480 in
1089 3428 1187 3479 creatis
1213 3441 1267 3477 non
1287 3425 1394 3492 propria

295 3496 393 3548 dicitur
421 3503 448 3547 et
478 3499 506 3547 in
534 3495 624 3548 multis
652 3499 771 3550 cernitur
797 3514 895 3563 unum,
926 3500 996 3566 quod
1030 3499 1189 3566 principium
1218 3513 1278 3550 essa
1304 3497 1394 3548 dicunt

297 3568 382 3620 omnis
417 3570 593 3636 quantitatis,
625 3583 677 3619 nec
710 3571 769 3620 aine
808 3572 924 3622 essentia
953 3563 1069 3622 exi'stere
1100 3584 1149 3637 per
1177 3586 1227 3633 se,
1260 3583 1311 3619 nee
1336 3568 1393 3620 sina

296 3639 350 3692 hoo
368 3654 421 3691 uno
442 3656 502 3692 esse
522 3639 727 3693 multitudinem.
775 3643 854 3694 unius
879 3645 948 3694 onim
969 3642 1160 3709 consequentia
1179 3648 1206 3691 et
1226 3641 1309 3692 turma
1328 3637 1393 3691 aab.

297 3711 356 3762 iicit
383 3711 522 3764 multarum
552 3727 640 3764 rerum
667 3713 855 3780 quantitatem,
886 3715 955 3765 unde
986 3728 1038 3765 uua
1063 3713 1258 3764 decas'dioitur
1287 3718 1314 3763 et
1341 3711 1392 3760 rni-

297 3781 349 3835 lias
375 3790 402 3834 et
430 3783 520 3835 decies
545 3784 632 3835 milias
655 3791 682 3834 et
706 3800 775 3853 quae
794 3783 835 3836 his
860 3793 921 3836 sunt
939 3785 1059 3848 leuiora,
1087 3800 1139 3836 una
1158 3784 1312 3853 quaternio,
1332 3780 1392 3849 qui.

298 3854 344 3906 nio
368 3851 466 3906 similia
493 3870 561 3922 quae
593 3855 626 3906 ad
652 3855 752 3906 lormao
780 3857 1012 3923 participationem
1038 3856 1129 3909 eadem
1154 3855 1285 3907 habentur
1312 3861 1338 3904 et
1360 3852 1392 3904 ad

299 3939 378 3977 unum
414 3925 576 3977 referuntur.
622 3927 705 3978 multa
737 3929 807 3978 enim
837 3928 975 3993 partibus,
1001 3943 1082 3979 unum
1116 3928 1287 3996 integritate,
1314 3923 1392 3975 multa

299 3997 525 4062 circumstantiis,
548 4013 628 4048 unum
652 3997 791 4063 subiecto,
815 3998 897 4050 multa
926 3999 1033 4064 formis,
1062 4015 1142 4052 unum
1169 4013 1290 4066 genere,
1313 3994 1392 4048 multa

301 4076 416 4137 euentu,
442 4083 521 4119 unum
553 4070 688 4137 principio
718 4077 745 4121 et
772 4085 826 4122 non
848 4071 925 4122 modo
944 4072 972 4121 in
991 4073 1137 4138 separatis,
1164 4070 1211 4122 aed
1230 4071 1309 4121 etiarn
1327 4082 1392 4120 cun.

300 4147 359 4192 otae
391 4139 603 4210 magnitudines,
633 4141 657 4194 si
687 4139 794 4209 lugiunt
821 4158 921 4208 unum,
949 4143 983 4194 ad
1012 4143 1207 4196 multitudinem
1237 4153 1392 4209 compensa.
