3017 4759
298 169 520 236 msromln
548 111 809 235 olrannum
827 170 924 235 xxv.
944 150 1048 233 tat.
1174 157 1223 241 aa

124 329 206 414 πράς
239 330 401 413 ἰδιωτικὴν
429 333 574 417 άφωνίαν
593 328 624 409 ἐξ
646 329 791 411 άμαδίιις
823 332 949 413 μακράς
968 323 1226 407 συστελλόμενον,

125 432 208 496 α’λλά
234 438 419 513 πρακτικαῖς
441 430 558 514 άρμαῖς
582 434 613 507 ἐς
635 428 667 495 τά
692 413 830 494 πάνυ”τι
849 432 980 510 ἐμμελὲς
1012 428 1142 514 stipenda
1160 452 1228 503 πως

125 532 418 616 άναρρωννάμενον.
441 532 479 597 τά
493 539 521 597 τ’
540 526 595 595 οὖν
610 528 691 597 άλλα
703 529 838 613 τάνδρὸς
853 531 1018 610 ἐθαύμαζε
1030 532 1229 613 μεμνημένος

124 632 256 713 ἐκείνου,
279 638 334 698 καί
356 626 453 698 ὅτιτὸ
479 632 603 698 οἴεσθαι
620 636 739 699 εἰδέναι
759 636 887 705 πολλοῖς
901 635 956 695 καί
975 633 1038 695 τοῖν
1058 631 1151 693 ον’δὲν
1173 631 1229 694 αι’-

98 734 265 816 5σχόντων
286 732 365 816 πρός
379 758 413 815 χε
428 734 463 798 τὸ
487 736 604 811 εἰδέναι
626 737 773 815 γίνεσθαι
792 730 938 811 ε’μποδάν
959 726 1054 812 ἔλεγε,
1072 734 1132 793 ’καί
1142 734 1224 794 τοῦτ’

126 832 207 898 εἶναι
229 834 353 910 πάντως
381 829 396 897 ὃ
425 835 540 915 μικράν
566 827 648 897 εἶναι
678 836 792 896 δοκοῦν
812 832 935 914 μεγάλα
963 834 1018 895 καί
1043 828 1150 906 πόλεις
1172 834 1227 893 καί

126 931 231 1007 οἴκους
252 932 386 997 δυ’ναται
400 935 569 1015 βλάπτειν,
598 931 640 1007 οἷς
669 936 702 996 ἐκ
721 936 861 1015 βραχέος
882 934 1059 1015 σπινθῆρος
1080 929 1227 1013 άρχάμε-

59 1111 64 1131 .
90 1035 94 1039 ’
127 1059 199 1116 νον,
223 1027 263 1096 οδ
284 1032 319 1097 τά
342 1034 511 1116 νεμόμενον
535 1035 591 1098 οδκ
622 1028 661 1097 ὄν
683 1058 755 1099 ποτε
786 1036 880 1116 σταιή
916 1035 970 1114 τῆς
1001 1029 1053 1095 dri
1080 1054 1231 1114 νεωτερι-

127 1133 242 1219 ζοάσης
266 1134 384 1221 φλογός
405 1138 607 1221 κινουμένης,
638 1132 730 1199 ὁπότε
755 1137 914 1217 τραπέζης
935 1132 1099 1218 ῥαστώνην
1130 1131 1149 1214 ἦ
1172 1136 1228 1215 τῆς

82 1229 203 1319 λθῧλης
226 1237 339 1299 δίδωσι
360 1240 556 1301 πολυτέλεια.
599 1240 746 1301 ἐντεῦθεν
772 1232 845 1318 ὅρια
872 1232 1061 1321 ριπτοῦνται
1084 1236 1229 1316 πατρίων

127 1335 274 1415 κανόνων,
299 1340 471 1401 πατοῦνται
485 1336 624 1417 despuis
638 1340 693 1401 καί
723 1336 781 1399 σάν
804 1334 888 1399 ἔστιν
913 1336 1008 1397 ου’δὲν
1038 1331 1102 1398 τῶν
1122 1337 1229 1397 καλιάν

92 1431 147 1527 [ὃ
167 1435 303 1514 δυ’νᾳται
324 1443 428 1517 μένειν
450 1434 650 1516 ἓστιάς,’και“
672 1432 713 1503 αδ
738 1437 796 1501 cais
817 1435 902 1502 ἔστιν
921 1435 1016 1499 ον’δὲν
1038 1438 1103 1497 τοῖν
1123 1435 1229 1497 κακῶν
1318 1439 1324 1444 ”

129 1534 213 1622 bur}
238 1536 372 1602 δυ’ναται
396 1537 455 1623 τήν
478 1539 632 1631 ἀλήθειαν
649 1542 866 1623 ἐξορχεῖσθαι.
897 1540 1069 1618 ’μοναρχία
1090 1538 1151 1615 μέν
1172 1526 1231 1597 οὖν
1269 1571 1272 1578 ·
1354 1549 1361 1562 ·

130 1635 261 1721 οἰήσεως
284 1638 456 1729 αιῗιονομίρ
480 1643 734 1724 στρατηγουμένη
762 1641 817 1701 καί
835 1637 959 1721 γνάμης
982 1639 1105 1720 δρέξεσι
1126 1637 1233 1719 δημα-

85 1744 311 1824 15χωχουμένη
337 1740 370 1805 τί
387 1744 447 1821 μὲν
471 1736 509 1803 άν
541 1747 603 1806 ταῖν
631 1739 849 1824 ὑγιαινόντων·
866 1737 1060 1823 ἐργάσαιτο,
1091 1740 1172 1809 τίνος
1188 1733 1231 1799 δ’

61 1883 65 1891 -
130 1840 296 1922 άπόσχοιτ’
329 1836 368 1905 dv
397 1846 460 1905 τῶν
483 1843 690 1927 ἐρεβιζόντων
720 1842 773 1909 ε’τιί
793 1840 833 1906 τά
854 1845 972 1924 χοίρως
1004 1842 1122 1904 πολλοῦ
1140 1838 1230 1917 μέντ’

130 1931 169 2003 dv
195 1939 318 2023 δεήσειε
338 1938 500 2020 σοι’ζεσδαι
522 1939 580 2027 την
598 1949 760 2007 πολιτείαν
790 1944 919 2026 έκείνην,
940 1941 996 2004 καί
1014 1938 1060 2024 μη
1082 1936 1230 2016 καθάπερ

129 2041 337 2125 ἀκυβέρνητον
369 2049 476 2106 πλοῖον
499 2044 692 2117 διαποντίοις
714 2048 851 2125 χειμῶσι
885 2040 961 2123 πρὸς
983 2039 1055 2115 τοάς
1077 2038 1233 2130 ἐσχάτους

130 2137 295 2216 κινδάνους
316 2138 526 2223 ἐλαύνεσθαι,
548 2147 641 2207 τοῦτο
656 2144 692 2227 δη
715 2144 751 2207 τά
775 2148 829 2232 τῆς
843 2145 1026 2221 Βυζαντίων
1046 2140 1128 2207 ἴδιον
1149 2132 1235 2205 bobo-

85 2240 244 2317 203sooic
265 2241 304 2305 τά
325 2240 423 2306 πολλά
448 2245 620 2317 πολιτείας.
666 2249 720 2307 καί
737 2244 795 2305 οοίι
816 2244 960 2322 ὀνειδίζω
976 2246 1073 2325 λέγων
1095 2239 1153 2317 τάς
1173 2240 1234 2305 τά-

132 2342 335 2425 χαςάπλοῖς,
358 2342 427 2406 ἀλλ’
448 2338 496 2407 δτι
520 2343 573 2407 διά
596 2347 689 2409 τοῦτο
713 2347 768 2409 καί
787 2343 913 2419 πλείους
936 2348 1124 2419 σκοποῦντες
1139 2336 1235 2407 άνω-

132 2630 214 2684 valde
233 2628 410 2682 admirabatur
435 2630 473 2680 ob
487 2631 617 2685 naturalis
625 2633 782 2699 prudentiae
801 2634 906 2700 copiam
924 2647 984 2684 cnm
1003 2633 1135 2701 gravitate
1153 2640 1234 2701 atque
1268 2635 1272 2645 '

72 2712 75 2719 ’
134 2702 284 2754 constantia
310 2702 497 2765 coniunctam,
524 2711 553 2753 ut
577 2718 631 2754 non
659 2703 739 2755 facile
764 2704 796 2756 ad
821 2704 1035 2771 intempestivam
1063 2704 1235 2757 ambitionem

135 2771 347 2840 compelleretur
365 2788 453 2841 neque
471 2788 537 2824 vero
558 2775 590 2825 ad
610 2775 700 2826 rudem
721 2777 850 2842 quandam
870 2784 950 2843 atqnc
969 2774 1096 2827 incultam
1119 2778 1234 2829 tacitar-

131 2846 242 2899 nitatem
262 2851 372 2911 propter
391 2859 511 2912 magnam
532 2846 665 2913 inscitiam
684 2848 874 2910 demiteretur,
893 2846 941 2898 sed
958 2862 1045 2899 rernm
1072 2863 1122 2899 usn
1141 2849 1234 2901 lirma.

132 2925 175 2969 tns
194 2916 409 2969 convenientiam
430 2915 558 2982 quandam
583 2917 719 2970 admodum
745 2919 868 2969 decoram
894 2934 958 2984 prae
985 2934 1015 2968 se
1039 2918 1131 2969 ferret.
1176 2935 1236 2970 ma.

135 2990 207 3040 xime
228 3001 305 3051 vero,
325 3001 404 3054 qnum
424 2986 502 3039 huius
522 2988 574 3038 viri
594 2989 754 3039 mentionem
776 2989 887 3052 laceret,
908 2988 1075 3039 hecdicium
1104 2990 1161 3039 eins
1186 2990 1240 3041 ad-¹

133 3057 293 3110 mirabaturr
313 3057 403 3108 multis
423 3056 573 3110 hominibus
593 3060 680 3127 iisque
699 3059 800 3127 alioqui
819 3075 874 3111 nou
900 3059 1237 3128 imprudentissimis,quod

135 3146 165 3183 se
185 3132 254 3181 seire
277 3128 479 3192 arbitrarentur,
501 3130 526 3181 id
546 3130 641 3196 ipsum,
662 3132 802 3197 quominus
820 3132 931 3193 scirent,
951 3131 1140 3197 impedimento
1160 3147 1236 3194 essn;

135 3202 188 3253 lroc
207 3201 311 3268 quidem
332 3200 395 3251 leve
415 3201 511 3265 videri,
532 3210 646 3253 attamen
666 3216 760 3270 magna
780 3203 945 3271 incommoda
964 3209 992 3254 et
1010 3201 1118 3254 urbibus
1139 3211 1166 3255 et
1184 3203 1235 3255 do.

134 3272 222 3325 mibus
241 3272 377 3323 lacessere
396 3286 476 3337 posse
496 3271 581 3323 veluti
602 3280 628 3322 et
646 3273 795 3326 scintillula
815 3282 944 3337 exortum,
965 3289 1033 3341 quac
1052 3275 1236 3326 inccndious.

136 3359 189 3412 que
208 3340 384 3393 insolentiore
405 3344 567 3394 exsuscitato
586 3357 640 3393 non
659 3345 796 3396 desineret
814 3346 903 3396 omnia
920 3345 1076 3411 depascere,
1095 3343 1174 3397 simul
1193 3352 1237 3397 at·

136 3430 189 3483 que
208 3414 335 3464 materiae
365 3412 438 3480 larga
462 3416 540 3481 copia
567 3414 648 3465 tacite
675 3416 862 3467 nutrimentum
888 3415 1110 3468 subministraret.
1147 3417 1236 3481 „inda

137 3486 233 3551 inquit,
252 3484 364 3551 regulae
383 3492 463 3551 atque
482 3500 591 3537 normae
610 3501 625 3535 a
644 3487 762 3553 patribus
782 3487 1140 3550 constitutae,disiiciuntnr‚
1159 3486 1237 3555 leges

138 3554 329 3623 proculcantur
352 3554 475 3623 nihilque
496 3564 536 3608 est
556 3556 619 3607 boni
638 3564 717 3625 atque
736 3557 862 3621 honesti,
882 3559 953 3625 qnod
971 3574 1020 3611 sno
1040 3565 1110 3609 statu
1128 3573 1237 3609 manere

138 3628 242 3696 possit,
260 3626 327 3678 nihil
353 3626 416 3677 mali
442 3635 522 3695 atque
548 3626 661 3693 improbi
689 3630 759 3696 quod
787 3629 929 3681 veritatem
956 3628 1086 3681 insultare
1111 3637 1237 3697 nequeat.

138 3712 253 3765 regnum
272 3698 354 3765 igitur
375 3699 510 3763 opinionis
529 3698 640 3749 licentia
658 3700 833 3767 gubernatum
854 3698 1157 3752 etarbitriilibidinibns
1175 3704 1238 3770 agi..

138 3776 223 3821 tatum
241 3798 275 3809 -
294 3770 356 3835 quid
377 3768 448 3835 lrogi
468 3768 571 3821 saciet?
589 3785 641 3836 qua
659 3786 689 3820 re
708 3768 863 3833 abstinebit‚'
882 3761 952 3837 qflae
968 3771 1001 3821 ad
1018 3772 1112 3838 peiora
1125 3773 1238 3824 incitare

138 3837 248 3906 possit?
268 3846 368 3891 tautum
387 3838 472 3905 abest,
496 3849 525 3893 ut
541 3840 602 3891 talis
623 3842 717 3892 civitas
737 3840 813 3894 salva
832 3849 914 3910 atque
931 3840 1073 3893 incolumis
1093 3858 1154 3895 esse
1173 3857 1239 3910 pos.

141 3912 184 3978 sit,
202 3917 232 3961 ut
249 3909 337 3962 veluti
355 3911 433 3963 navis
453 3914 511 3964 sine
533 3913 714 3977 gubernatore
733 3913 813 3963 maris
840 3912 1042 3980 tempestatibus
1068 3914 1095 3963 in
1121 3922 1240 3965 extrema

143 3982 297 4034 discrimina
319 3982 523 4049 praecipitetur.
545 3982 612 4033 baec
631 3999 697 4041 vero
716 3984 825 4051 propria
845 3992 885 4035 est
899 3984 1022 4036 ,conditio
1047 3984 1164 4037 civitatis
1182 3982 1239 4047 By-

144 4054 268 4107 aantinae
288 4052 351 4110 inde
370 4066 455 4119 nsque
482 4069 516 4105 ex
541 4054 723 4121 superioribas
749 4055 922 4121 temporibns.
965 4070 1053 4124 neque
1079 4069 1145 4107 vero
1171 4054 1241 4113 banc
1259 4047 1276 4124 s'

777 4194 787 4253 i
