3017 4759
278 199 513 305 msronran
541 180 906 277 arzamrmnxxv.
923 192 991 277 30.
1011 192 1079 277 31.
1193 204 1241 280 cr

142 366 374 451 τεκμαίρεσθαι
397 368 426 431 δ”
447 360 504 433 οδν
526 368 580 433 καί
602 369 676 453 ἡμῖν
699 364 785 450 όπως
814 376 889 439 ποτὲ
912 372 954 441 τά
975 373 1126 459 γινόμενα
1147 379 1243 442 δίδω·

142 490 196 530 σιν
218 465 261 540 οός
285 470 419 545 πλοῦτος
443 472 496 533 καί
515 468 589 549 δόξα
613 471 669 537 καί
697 472 872 555 αότόνομος
893 476 1020 553 ἐξουσία
1049 480 1244 564 σαφέστερον

143 562 318 651 οἶνθριόπον
349 570 482 653 δηλοῦσι
514 572 640 657 γνώμην
673 574 728 638 καί
746 573 846 659 φάσιν
876 568 895 661 ἢ
920 581 1012 641 πενία
1034 576 1089 642 καί
1108 578 1244 659 όπεξοό·

118 662 212 745 ισιος
235 670 352 734 δίαιτα.
378 673 484 760 δεσμηλ
506 652 572 755 γάρ
592 675 721 751 α’δοξίαν
744 674 895 741 άκοάσιον
917 680 1075 764 decadam,
1096 678 1141 765 μὴ
1165 677 1243 745 κατά
1307 705 1310 714 ‘

114 767 273 855 5γυιόμην
299 762 391 836 έξόντι
423 778 590 841 κινεῖσθαι.
647 774 697 839 διδ
730 776 784 841 καί
806 777 976 843 λανθάνειν
1005 780 1048 855 ὥς
1070 779 1109 845 τά
1143 777 1243 846 πολλά

143 868 189 953 μή
213 869 284 948 τοδς
302 870 413 956 πόρρω
429 877 551 960 πέφυκε
566 876 675 959 μόνον,
700 871 747 941 ότι
763 876 808 962 μὴ
831 878 886 942 καί
907 871 954 955 οἷς
975 879 1074 946 πολόν
1097 906 1168 947 τινα
1184 906 1244 945 συ.

143 978 245 1036 νεῖναι
265 975 372 1055 γέγονε
392 976 533 1057 χρόνον,
555 976 593 1040 τά
620 969 684 1064 ἤθη
707 982 769 1044 τάν
788 982 944 1046 πλείστων
964 976 1071 1066 όόσπερ
1091 978 1245 1066 χρώμασι

144 1080 209 1147 τοῖς
232 1069 350 1152 ἔξωθεν
373 1077 605 1160 ἐπιτηδεύμασι
631 1076 665 1144 τό
697 1086 753 1165 τῆς
784 1082 909 1167 γνοόμης
935 1078 1246 1167 βόπτοντιιπρόσω·

144 1196 212 1238 πον.
256 1174 299 1249 ιδς
321 1178 471 1242 ἐντεῦθεν
493 1181 609 1259 ἐξεῖναι
630 1178 853 1265 διδάσκεσθαι,
878 1175 924 1259 οἷς
947 1183 1120 1272 συνρόκισεν
1141 1184 1160 1270 ἧ
1179 1183 1245 1270 φό-

100 1284 194 1349 Ῑθσις
218 1273 365 1363 σόνεσιν,
393 1280 515 1363 μηδένα
537 1284 726 1367 μακαρίζειν
747 1286 823 1367 πρίν
850 1272 900 1349 όν
916 1286 962 1360 εἰς
982 1288 1069 1361 τέλος
1089 1284 1244 1372 ἀφίκηται

144 1375 200 1441 καί
218 1380 304 1453 τέλος
328 1379 439 1468 κάμψῃ
456 1385 539 1464 βίον,
559 1386 636 1470 μηδ’
660 1377 703 1449 αὖ
725 1382 779 1451 διά
802 1384 875 1462 τοός
895 1385 969 1470 πρίν
991 1384 1188 1473 άμαρτάνεςν
1211 1390 1245 1451 έν

143 1482 204 1566 βίῳ
226 1476 383 1563 νοσήμασι
404 1486 459 1547 καί
478 1484 648 1570 διαφόροις
669 1480 789 1551 πάθεσι
806 1487 1035 1569 κολαζομένους
1056 1490 1247 1572 μέμφεσθαι

144 1582 184 1666 τῇ
207 1579 349 1670 προνοίρι.
394 1575 459 1647 οἶδε
483 1582 542 1669 γάρ
570 1584 708 1652 όπάντα
732 1586 812 1671 πρός
834 1585 870 1650 τό
898 1592 1024 1669 βέλτιον
1044 1588 1245 1676 percontari.

146 1681 209 1759 ζων
240 1678 316 1755 θεός
347 1680 380 1747 τό
414 1682 558 1769 καθάπερ
596 1690 630 1752 έν
664 1688 781 1776 σποδιηῖ
807 1691 846 1777 τῇ
877 1685 1158 1776 γνώμη-κείμενον
1178 1689 1243 1769 πάρ

101 1787 135 1841 15
145 1781 170 1820 “
192 1780 245 1865 τῆς
267 1779 461 1867 φιλοδοξίας,
483 1785 525 1860 ιός
547 1785 603 1851 ε’άν
617 1787 775 1873 δράξηταί
791 1812 875 1865 τινος
895 1785 1006 1873 ῥαίμης
1024 1787 1170 1872 κινοόσης
1191 1782 1243 1855 οἷα
1256 1802 1275 1855 f.
1288 1799 1375 1856 toci.

145 1886 250 1967 πνοῆς,
274 1882 393 1970 πολλήν
422 1886 575 1970 άνεγείρει
610 1890 714 1975 φλόγα
736 1894 856 1966 κακίας.
887 1892 929 1953 ου’
947 1891 1034 1970 μέντ’
1055 1881 1095 1955 όίν
1116 1883 1173 1954 οὖν
1193 1887 1244 1974 εἴη

144 1984 206 2050 τάν
228 1982 413 2068 άπεικότων,
435 1989 465 2052 εἰ
486 1987 633 2056 ἁπάντων
645 1991 795 2071 καθάπαξ
816 1994 917 2058 εἰπεῖν
936 1991 1014 2057 κάπί
1033 1993 1110 2079 τῷδε
1131 1988 1246 2074 τάνδρί

111 2117 113 2124 ·
145 2078 366 2173 πλανηθέντων
404 2094 632 2177 πεπλανὴμεθα
662 2097 717 2157 καί
746 2093 857 2177 ἡμεῖς,
886 2092 1047 2175 τοῦπρδς
1070 2097 1183 2157 κακίαν
1206 2090 1245 2155 oti

145 2187 233 2269 μάλα
266 2182 398 2271 ἑτοίμου
422 2194 558 2280 μηδαμῇ
586 2190 666 2277 πρός
697 2194 851 2259 ὑπόνοιαν
880 2193 1022 2278 εὐχερῶς
1044 2193 1244 2273 κινουμένου.
1323 2214 1327 2223 ·

100 2289 339 2371 νθθαυμαστόν
373 2295 403 2355 δ’
434 2288 474 2358 άν
508 2293 611 2380 δήπου
641 2298 764 2376 μάλλον
791 2292 839 2379 εἴη
862 2296 928 2369 πυός
960 2296 1109 2361 τοσοῦτον
1130 2290 1246 2378 χρόνον

145 2388 277 2473 α’ντέσχε
299 2392 405 2469 νόθοις
425 2398 485 2475 μὲν
499 2392 661 2460 δονλεόων
681 2388 785 2481 ἤθεσι,
808 2394 845 2459 τά
869 2397 898 2459 δ’
912 2396 1010 2460 οἰκεῖα
1027 2392 1245 2479 συγκρόπτων,

26 2562 34 2575 ,
145 2493 277 2575 πρᾶγμα
302 2495 553 2580 δυσμαχώτατον
574 2494 629 2562 καί
653 2494 780 2584 σφόδρα
801 2499 837 2580 γέ
857 2519 887 2561 τι
909 2499 1173 2582 δυσκαρτέρητον.
1217 2494 1248 2561 εί

148 2756 237 2803 τοισιν
256 2751 360 2803 arcanis
381 2751 536 2820 quibusdam
554 2752 742 2806 Providentiae
763 2750 910 2806 rationibus
922 2759 1060 2823 reguntur.
1097 2764 1247 2802 rerunno.

147 2822 189 2875 bis
206 2837 247 2886 ea,
266 2836 335 2891 quae
352 2838 423 2875 nunc
443 2832 582 2893 geruntur,
601 2826 713 2893 quodam
723 2826 801 2877 modo
812 2825 970 2877 documento
983 2838 1044 2877 esse
1062 2829 1182 2891 possunt,
1204 2823 1248 2874 di.

149 2894 229 2947 vities
256 2893 424 2963 gloriamque
452 2911 483 2947 ac
510 2896 621 2949 liberam
645 2905 805 2965 potestatem
827 2895 969 2948 dilucidius
995 2895 1110 2948 bominis
1135 2892 1248 2946 consilia

150 2974 229 3033 atque
248 2964 364 3018 indolem
383 2965 530 3033 declarare,
540 2984 618 3037 quam
636 2976 783 3038 egestatem
793 2969 928 3036 vitamque
945 2966 1006 3019 aliis
1024 2964 1174 3034 obnoxiam.
1197 2964 1248 3015 ob-

148 3036 260 3089 scuritas
282 3038 352 3089 enim
371 3038 488 3107 ingloria
507 3041 599 3093 invitis
618 3041 739 3093 iniuncta
755 3038 851 3092 similis
868 3037 1028 3090 estvinculo
1048 3037 1120 3105 qnod
1139 3049 1188 3103 pro
1199 3050 1249 3085 cu-

148 3110 243 3176 iuaque
261 3108 371 3161 arbitrio
391 3108 474 3162 laxari
495 3119 620 3180 nequeat.
658 3126 740 3180 quare
761 3110 919 3178 plerumque
939 3124 994 3162 non
1013 3108 1099 3161 solum
1118 3107 1248 3168 remotio-

149 3179 234 3244 ribus,
253 3180 301 3233 sed
321 3181 399 3232 etiam
417 3183 460 3244 iis,
482 3184 526 3250 qni
546 3183 903 3254 longumperptempuscum
922 3183 957 3235 iis
977 3179 1162 3244 versabantur,
1182 3193 1249 3230 vera

149 3252 229 3302 animi
247 3251 351 3303 indoles
371 3251 545 3319 plurimorum
559 3255 652 3322 ignota
667 3261 720 3319 est,
732 3255 832 3322 quippe
851 3268 932 3321 quum
952 3254 972 3304 ii
991 3252 1085 3305 studiis
1105 3251 1160 3303 suis
1180 3265 1249 3319 quae

148 3338 212 3391 prae
230 3338 260 3374 se
282 3324 381 3387 icrunt,
401 3331 524 3393 tauquam
546 3326 682 3378 coloribus
700 3327 781 3377 animi
802 3325 903 3379 taciem,
916 3325 1042 3377 imbuant.
1063 3324 1125 3375 inde
1143 3323 1248 3376 discere

147 3395 230 3458 licet,
250 3394 345 3463 quibus
364 3404 457 3447 natura
477 3397 642 3464 prudentiam
663 3398 749 3461 dedit,
770 3397 902 3447 neminem
933 3396 1040 3447 felicem
1066 3410 1126 3446 esso
1151 3394 1249 3445 dicen.

149 3468 219 3529 dum,
239 3467 392 3535 priusquam
412 3468 540 3519 adfinem
562 3470 670 3520 venerit
689 3468 815 3520 civitam
835 3483 894 3518 cum
918 3475 1003 3519 morte
1023 3465 1248 3528 commutaverit,

150 3551 238 3603 neque
258 3552 324 3589 vcro
344 3536 542 3591 Providentiam
560 3540 730 3592 incusandam
758 3554 838 3603 esse,
864 3540 887 3589 si
916 3540 962 3607 qui
981 3539 1080 3603 etiam,
1107 3544 1248 3604 antequam

150 3612 261 3675 peccata
279 3610 469 3674 commiserint,
489 3611 588 3663 morbis
609 3620 635 3663 et
654 3612 736 3663 variis
758 3610 953 3663 calamitatibus
972 3610 1145 3677 castigentur.
1183 3606 1249 3658 deus

150 3680 230 3741 enim,
252 3682 297 3747 qui
318 3696 409 3748 omnes
429 3698 472 3734 res
493 3682 520 3733 in
538 3682 635 3735 melius
654 3682 778 3746 traducit,
797 3680 849 3735 scit
869 3682 1020 3749 cupiditatis
1040 3679 1145 3749 gloriae
1158 3679 1249 3747 ignem

149 3753 178 3803 in
198 3751 284 3801 animo
308 3754 383 3820 quasi
401 3753 450 3805 sub
469 3754 561 3807 cinere
580 3753 717 3819 latentem,
737 3754 782 3821 qui
802 3753 885 3806 robur
906 3752 1035 3821 quoddam
1056 3758 1167 3815 nactus,
1195 3764 1248 3817 qno

149 3831 273 3891 tanquam
295 3822 357 3876 llatu
376 3832 525 3890 moveatur,
545 3842 669 3895 magnum
690 3826 842 3877 incendium
863 3823 1040 3892 improbitatis
1068 3822 1249 3875 exsuscitatu-

149 3912 193 3949 rus
216 3896 260 3949 sit.
278 3908 332 3946 non
352 3896 436 3963 igitur
455 3898 492 3948 ita
512 3898 606 3949 mirum
624 3906 704 3967 atque
724 3898 963 3951 inconsentaneum
983 3905 1032 3961 est,
1052 3896 1074 3948 si
1093 3893 1125 3945 ab
1146 3908 1178 3944 co
1198 3892 1250 3942 bo-

149 3969 231 4031 mine,
250 3965 297 4020 abs
313 3982 366 4033 quo
386 3982 597 4034 omnesprorsus
611 3968 781 4033 fallebantur,
803 3970 882 4020 etiam
900 3982 949 4019 nos
970 3968 1138 4028 fallebamur,
1162 3978 1251 4032 quum,

153 4039 198 4107 qui
219 4040 278 4105 ipse
307 4038 339 4089 ad
360 4038 556 4105 improbitatem
573 4057 627 4095 non
647 4040 783 4093 admodum
801 4055 951 4109 propensus
970 4041 1027 4106 sit,
1050 4036 1252 4103 haudquaquam
1275 4048 1279 4056 '

157 4110 239 4162 iacile
262 4108 294 4161 ad
312 4110 499 4176 auspicandum
519 4112 673 4167 adducatur.
692 4108 778 4181 magis
800 4122 886 4166 autem
905 4112 964 4179 quis
981 4112 1072 4163 mirari
1091 4106 1186 4176 pettit,
1198 4116 1251 4173 <1¹1⁰
