3017 4759
256 259 484 387 ursroumu
511 317 769 388 urmnunnu
788 313 893 388 xxx:
911 304 1037 388 t-a
1127 293 1201 389 '273
1261 304 1264 309 “

102 482 218 550 ου’σέαν
240 485 294 548 καί
313 484 370 566 τὴν
390 489 485 549 θειάν
504 485 662 569 ἐνέργειαν
693 489 761 550 κατ’
784 486 877 550 οὐδὲν
907 488 1073 570 διαφέρειν
1094 488 1203 566 λέγον·

101 609 160 660 τες.
205 584 279 667 περί
299 576 336 649 οἷν
371 580 511 664 μάλιστα
543 584 599 649 κατ’
623 583 680 649 τὸν
703 588 734 649 Γ
732 590 870 672 ρηγοράν
901 577 1003 671 η’ξιόν’
1023 582 1084 649 τὸν
1110 582 1203 666 λόγον

100 690 274 751 ποιεῖσθαι.

203 785 272 851 Καὶ
300 785 316 850 ὃ
349 791 378 851 Γ
377 788 512 871 ρηγοράς
539 788 622 873 ’πρὸς
643 789 853 870 τὸνβασιλέα
890 792 1041 873 στραφεὶς
1059 786 1239 853 “ιιολλάνο

75 884 274 968 enipeum?
294 887 420 973 ἔφησεν,
436 878 644 953 “sidoniense
665 893 810 971 βασιλεῦ,
831 888 945 969 ου’σοδν,
967 884 1007 963 dg
1029 890 1126 951 πάλαι
1149 909 1204 950 τε-

101 990 256 1072 θνηκυίας
286 989 464 1067 α’ναβιάναι
496 990 658 1070 πέπραγεν
693 979 787 1063 οὗτος
820 989 936 1071 α’ρτέως
967 991 1023 1053 καί
1054 985 1091 1061 dc
1113 978 1203 1050 σάκον

102 1089 257 1169 φανεῖσας
279 1086 407 1167 έξεῖρε,
433 1084 606 1169 σύμμαχον
628 1086 711 1170 ἔχων
738 1084 795 1169 τάν
816 1084 1073 1151 δυναστεύουσαν
1097 1094 1202 1169 χεῖρα,

103 1180 119 1245 δ
143 1187 197 1269 τῆς
222 1187 394 1263 πολυθεΐας
430 1180 520 1267 οἶμαι
549 1184 641 1267 λόγος
663 1186 791 1269 άρκέοει
821 1188 857 1273 τῇ
882 1186 1027 1275 παρούσῃ
1049 1188 1260 1270 sssrcsyp‘ons'¹

103 1288 172 1373 φέρι.
215 1291 319 1350 θέλων
339 1284 401 1369 γάρ
425 1290 608 1351 καταλῦσαι
630 1284 665 1351 τά
682 1290 736 1370 τῆς
751 1286 1023 1369 ἐνανθρωπήσεως
1044 1290 1102 1353 τοῦ
1122 1288 1203 1353 θεοῦ

57 1398 92 1451 10
102 1386 197 1469 λόγου
220 1387 334 1469 δόγμα,
360 1390 414 1451 καί
433 1382 502 1467 ἅμα
525 1390 698 1454 πολυθεῖαν
720 1395 920 1472 εἰσαγαγεῖν,
944 1391 1102 1469 ἐνέργειαν
1121 1382 1203 1452 εἶναι

102 1484 251 1572 κηρύττει
273 1485 410 1571 θεάτητα
436 1486 613 1572 άφειμένην
636 1482 784 1553 άκτιστον
813 1490 869 1551 καί
889 1485 1036 1551 ἀνοάσιον
1057 1487 1111 1551 καί
1130 1483 1205 1551 διά-

102 1612 201 1676 φορον
222 1587 402 1651 παντάπασι
420 1594 476 1670 τῆς
498 1589 590 1662 θείας
611 1589 730 1674 ε’κεένης
747 1592 800 1653 καί
819 1589 984 1669 μακαριάς-
1004 1586 1127 1668 ου’σιἀς,
1151 1588 1205 1667 και1

102 1696 294 1768 σωματικοῖς
319 1689 502 1773 ὀφθαλμοῖς
534 1686 655 1773 δρατην
686 1693 760 1752 καθ’
784 1689 904 1772 αὐτην,
932 1690 1124 1771 ἐνεργοῦσαν
1143 1690 1204 1768 μὲν

102 1793 141 1859 τά
165 1793 268 1857 πάντα
291 1791 402 1877 crispa,
423 1789 650 1875 ἐνεργουμένην
671 1796 699 1855 δ’
719 1791 821 1875 αδτην
845 1789 908 1853 άπὸ
932 1794 987 1875 τῆς
1009 1791 1202 1873 ὑπερκειμέ-

56 1913 155 1979 15νης
178 1896 290 1969 ον’σῖας
313 1889 394 1974 ἅμα,
417 1896 473 1955 καί
494 1898 679 1976 κινουμένην
698 1893 842 1977 καθάπερ
858 1890 952 1956 ὁποῖα
974 1895 1038 1957 τάν
1059 1886 1201 1973 δργάνων

102 2004 183 2060 κινεῖ
201 1992 382 2076 κινούμενα.
427 1987 496 2080 εἶτα
516 1994 572 2076 τὴν
593 1998 671 2082 μιάν
692 1997 852 2076 ἐνέργειαν
878 1995 922 2067 εἰς
946 1993 1084 2071 πολλάς,
1115 1996 1200 2072 μάλ-

102 2103 156 2160 λον
177 2098 205 2160 δ’
229 2089 395 2179 ἀπειράκις
418 2097 570 2177 άπεέρους
593 2094 715 2177 διελάν,
735 2090 778 2169 σάς
792 2098 878 2177 γένος
895 2096 940 2168 εἰς
956 2090 1025 2176 εἴδη
1049 2090 1202 2177 διάφορα,

101 2200 213 2284 γενικηῖ
233 2201 292 2277 μὲν
314 2196 443 2276 άνάματι
467 2196 573 2268 πάσας
595 2198 754 2277 ἐνεργείας
781 2199 893 2291 καλεῖ,
922 2196 988 2281 ι’διλρι
1016 2194 1045 2255 δ’
1078 2184 1121 2255 αδ
1148 2196 1204 2256 κατ’

102 2300 175 2361 καθ’
207 2296 325 2362 ἕκαστα
357 2294 602 2379 δυ’νιιμινζωην
630 2296 796 2376 βασιλείαν
817 2296 933 2378 coptos
964 2295 1111 2371 ἐξουσίαν
1134 2298 1202 2378 φσδς

55 2397 269 2481 γοάληθειαν.
319 2401 375 2461 καί
395 2395 508 2483 ιἁιιλιάς
538 2394 638 2460 ὁπόσα
669 2397 831 2479 θεοπρεπῆ
861 2398 924 2457 τῶν
956 2388 1119 2474 ὀνομάτων
1149 2396 1202 2457 καὶ

104 2498 277 2580 νοημάτων,
300 2498 331 2561 εἶ
353 2500 408 2560 καί
428 2499 463 2560 ἐκ
483 2494 775 2582 διαφόρωνάρχοῖν
794 2493 951 2576 λαμβάνει
971 2494 1028 2577 την
1049 2498 1203 2575 ε’τομολο-

102 2597 175 2679 γίαν
196 2594 338 2678 ἕκαστον,
360 2597 430 2659 ἀλλ’
452 2589 509 2659 οὖν
525 2592 813 2678 δμοτῖμωςὲχοντα
835 2598 914 2679 πρὸς
935 2588 1055 2679 ἄλληλα
1077 2596 1120 2682 τῷ
1139 2618 1204 2677 μη·

104 2699 158 2761 δέν
178 2722 211 2761 τι
230 2692 318 2782 παρά
341 2696 400 2780 τὴν
421 2697 478 2762 τοῦ
499 2695 709 2778 διιοκειμένοο
741 2697 916 2781 διαφωνεῖν
938 2698 1108 2779 οημασιάν,
1129 2690 1202 2757 θεά.

106 3003 140 3055 ud
159 3002 239 3054 aliam
262 3015 409 3057 conversus
434 3007 460 3051 et
486 3000 539 3051 alia
566 2997 648 3054 multa
666 2999 772 3053 locutus
804 3006 845 3051 est
865 3006 892 3050 et
910 2996 988 3049 simul
1008 3000 1122 3051 tentavit
1142 3014 1202 3049 eum

105 3074 270 3142 quaerendo,
289 3087 350 3123 num
373 3080 464 3122 essent
482 3073 527 3140 qui
549 3075 690 3124 essentiam
709 3072 826 3123 divinam
847 3077 873 3121 et
895 3069 1066 3121 efficientiam
1086 3070 1202 3122 divinam

105 3147 306 3269 ‹cippprsvaphppse
331 3150 478 3211 negarentz
505 3159 557 3211 qua
586 3143 619 3195 de
639 3160 669 3196 re
685 3142 861 3209 potissimum
887 3140 965 3191 etiam
985 3141 1129 3210 Gregoram
1157 3142 1226 3221 dis,

205 3310 268 3363 'ium
296 3310 429 3378 Gregoras
453 3311 486 3363 ad
508 3325 600 3377 regem
627 3322 789 3360 conversus:
815 3322 873 3358 eum
894 3307 994 3373 multa,
1013 3309 1128 3377 inquiat,
1148 3309 1202 3362 sint

105 3382 201 3445 studia,
221 3383 347 3449 princeps
369 3382 567 3450 augustissime,
587 3394 655 3446 quae
676 3379 824 3430 iamdudum
843 3386 946 3431 mortua
963 3381 1131 3432 reviviscere
1147 3396 1201 3431 nn.

57 3450 60 3454 ’
105 3453 218 3520 perillo
232 3454 319 3517 iussit,
339 3469 461 3521 quaeque
478 3460 558 3503 autea
571 3466 625 3502 non
640 3451 699 3501 visa
715 3450 765 3501 ilie
776 3451 890 3515 invenit,
908 3452 981 3503 socia
1000 3452 1104 3503 adiutus
1123 3466 1201 3502 menn

105 3524 245 3590 principis,
265 3525 390 3589 placitum
413 3526 489 3589 eius,
510 3524 579 3592 quod
598 3529 639 3573 est
658 3523 692 3573 de
708 3521 798 3573 multis
817 3521 890 3584 deis,
910 3530 985 3588 puto,
1003 3523 1121 3575 sufficiet
1139 3522 1201 3572 huic

106 3608 184 3662 quam
202 3596 371 3661 aggredimur
397 3594 601 3647 adumbrationi.
638 3593 750 3661 cupiens
769 3594 839 3643 enim
859 3592 995 3659 explicare
1017 3594 1112 3660 dogma
1130 3592 1201 3659 quod

107 3672 150 3715 est
167 3664 200 3714 de
219 3667 341 3729 corporis
355 3666 539 3733 adsumptione
556 3666 674 3725 numinis
691 3665 786 3729 divini,
805 3663 937 3733 simulque
957 3662 1054 3714 multos
1073 3664 1137 3714 deos
1156 3664 1201 3712 in.

106 3734 258 3797 traducere,
282 3737 429 3800 contendit,
449 3738 620 3789 efficientiam
639 3752 699 3789 csse
717 3737 884 3788 diuinitatem
904 3733 1073 3799 submissam,
1092 3735 1200 3785 inerea.
1253 3773 1256 3783 .

106 3815 169 3868 tam,
191 3812 218 3855 et
237 3808 353 3856 essentia
372 3815 516 3870 carentem,
530 3816 557 3857 et
576 3809 709 3859 diuersam
727 3808 835 3857 omnino
855 3805 887 3855 ab
900 3804 948 3855 illa
967 3806 1059 3857 divina
1078 3813 1104 3857 et
1123 3806 1201 3857 beata

106 3877 235 3938 essentia,
257 3883 285 3925 et
305 3877 427 3941 corporis
447 3878 534 3927 oculis
553 3880 723 3944 conspicuam
739 3893 789 3944 per
807 3892 848 3939 se,
869 3891 937 3943 quae
954 3890 1012 3926 cum
1026 3878 1113 3928 omnia
1134 3892 1200 3943 per.

105 3948 268 4013 fleme-ipss
288 3952 315 3996 ct
334 3947 487 4011 perficietur
506 3963 554 4013 per
584 3950 726 4000 essentiam
752 3948 895 4014 inpositam
924 3955 950 3998 et
975 3956 1114 4001 moveatur
1132 3949 1202 3999 sieut

104 4018 246 4071 machinae
265 4023 390 4068 moveant
408 4033 476 4083 quae
500 4020 605 4069 moveri
625 4021 743 4085 possints
768 4018 864 4070 deinde
887 4032 964 4069 unam
983 4018 1057 4071 iilam
1077 4020 1200 4070 eiicien-

105 4092 168 4143 tiam
187 4091 214 4141 iu
239 4088 354 4151 multas,
379 4088 439 4139 sive
467 4089 555 4153 potins
582 4090 686 4141 infinite
712 4092 740 4140 iu
759 4089 875 4141 infinitas
900 4090 995 4141 dividit
1022 4091 1092 4143 sicut
1116 4102 1201 4156 genus

105 4163 134 4213 in
151 4162 258 4228 species
275 4160 406 4221 diuersas,
426 4166 453 4210 et
471 4159 580 4241 nomine
596 4160 718 4226 generali
744 4174 836 4211 omues
865 4168 946 4212 vocat
964 4160 1133 4224 efficientias,
1153 4174 1201 4211 so..

104 4233 146 4289 les
164 4241 253 4286 autern
271 4239 299 4283 et
314 4229 444 4299 singulas,
464 4231 534 4295 rim,
554 4238 653 4297 ritum,
670 4232 826 4300 imperium,
845 4232 1020 4300 sapientiam,
1038 4230 1201 4302 facultatem,

112 4375 114 4378 .
162 4328 324 4403 Nicephorum
344 4327 454 4400 θτιριι.
479 4323 534 4380 rot.
552 4324 607 4381 m.
992 4324 1025 4389 18
