3017 4759
243 255 465 323 nrsronnn
487 251 747 320 summussos
772 254 867 316 xxx.
891 233 1082 316 88-91.
1160 235 1234 314 σου

133 421 231 484 σικῶν
253 418 364 499 λόγων.
407 414 523 499 ἥντινα
542 418 580 501 δη
602 413 747 500 τεχνικήν
767 417 886 500 σοφιάν
905 409 1112 496 παρακατιοόν
1133 403 1232 484 αὖθις

133 520 230 593 ου’τός
252 517 351 602 ψιλὴν
371 516 427 582 καί
443 515 662 582 ἀνυπόστατον
685 521 719 582 ὲν
741 520 786 605 τῷ
808 518 851 604 νῷ
872 517 1104 598 συνισταμένην
1127 513 1235 596 φησίν,

133 619 251 683 οὑτωσί
271 618 351 683 κατά
375 621 457 697 λέξιν
479 617 693 700 όιαγορεόοον,
728 611 776 682 ότι
811 614 849 681 τό
880 615 941 679 oni
976 617 1056 679 θεοῦ
1086 611 1233 696 γεγονότα

134 715 279 800 γινώσκει
299 719 352 782 τόν
374 715 451 783 θεόν
482 719 520 806 τῇ
540 719 711 804 ἀναλήψει,
733 717 776 794 ὥς
811 716 943 803 εἴρηται,
966 719 1021 800 τῆς
1043 719 1077 782 ἒν
1099 721 1246 800 τοίςγε-ι
1295 720 1297 724 ’

107 818 242 904 5γονόοι
262 826 483 906 θεωρουμένης
497 826 642 906 τεχνικῆς
663 819 790 908 σοφίας,
810 817 877 904 ἥτις
898 822 967 886 ἐστι’
982 815 1060 902 ψιλὴ
1076 818 1130 880 καί
1152 817 1232 880 α’νυ·
1307 861 1323 879 .

136 920 288 997 πόστατος
309 925 342 988 έν
364 927 408 1011 τῷ
430 926 472 1014 νηΐ
494 929 719 1009 συνισταμένη.
773 925 828 986 καί
852 920 996 1003 α’λλαχοῦ
1018 915 1114 982 πόλιν
1138 914 1302 1002 uiroc„

135 1015 193 1086 οόκ
214 1025 249 1087 ἐκ
269 1027 324 1108 τῆς
361 1020 474 1098 ονόίος
507 1028 589 1110 φησί
612 1025 667 1091 τόν
690 1021 768 1088 θεόν
787 1022 999 1105 γινώσκομεν,
1031 1017 1101 1083 ἀλλ’
1122 1015 1156 1083 ἐκ
1177 1017 1233 1097 τῆς

135 1128 368 1207 μεγαλουργίας
392 1127 447 1188 καί
468 1127 618 1206 προνοίας
640 1125 704 1186 τάν
724 1116 844 1186 ὄντων·
888 1119 940 1186 διά
965 1116 1085 1186 τοότονν
1105 1115 1166 1202 γάρ
1190 1113 1234 1190 σός

134 1225 176 1286 δι’
199 1216 363 1307 ἐσόπτρων
384 1223 442 1308 την
471 1217 603 1307 όπειρον
623 1221 810 1308 άγαθότητα
833 1220 887 1285 καί
918 1222 1036 1305 σοφίαν
1057 1220 1113 1284 καί
1133 1217 1235 1282 δάνο-

91 1335 189 1405 ιθμιν
213 1324 454 1405 κατανοοῦμεν.”
501 1327 602 1388 ταότα
636 1321 759 1401 διεξιών
789 1321 1009 1407 όΓρηγοράς,
1033 1315 1150 1408 “cippis”
1172 1313 1263 1403 ipe,

133 1422 214 1506 πρός
236 1421 290 1487 τόν
309 1427 474 1504 Παλαμάν
507 1425 662 1509 στραφείς
690 1419 799 1500 “όποος
831 1427 920 1488 δυοῖν
947 1423 1158 1504 προκειμένων
1181 1420 1244 1482 tis-⁴

131 1526 242 1588 ταόθα
264 1527 480 1608 βλασφημιῶν
509 1529 542 1604 ἐξ
563 1525 702 1608 ἀνάγκης
720 1530 780 1614 μιᾷ
804 1523 1017 1605 περιπι’πτεις;
1052 1513 1072 1604 ἢ
1093 1516 1155 1601 γάρ
1177 1515 1233 1582 τόν
1246 1551 1265 1605 p·
1279 1550 1366 1610 ,5ηῆ

132 1619 281 1688 eidormo
303 1628 393 1704 θεοῦ,
422 1623 479 1706 την
502 1618 596 1699 ὅντως
618 1624 736 1708 σοφίαν
766 1627 809 1687 δι’
831 1617 867 1707 ἧς
890 1621 944 1687 κατ’
967 1623 1001 1686 ἐν
1024 1612 1044 1710 ᾗ
1068 1616 1107 1685 τά
1130 1619 1234 1684 πάντα

132 1725 309 1808 πεποίηκεν,
329 1723 481 1791 άνοάσιον
509 1728 612 1808 λέγεις
644 1724 797 1808 βιότητα,
828 1717 848 1807 ἢ
870 1723 927 1806 τὴν
950 1725 984 1788 ἐν
1001 1731 1066 1796 τοῖς
1086 1723 1234 1800 κτίσμασι
1326 1759 1329 1766 -

88 1821 278 1906 irrupistis
301 1827 419 1909 σοφίαν
440 1817 587 1889 άντιστον
609 1825 664 1890 καί
683 1825 799 1909 ταύτην
830 1829 884 1889 καί
912 1817 980 1904 άμα
998 1816 1146 1887 άνοόσιυν
1168 1814 1235 1906 φά-

130 1947 216 1998 σκεις
239 1924 394 2009 θεότητα·
437 1923 476 2009 ἢν
502 1924 602 2010 ψιλὴν
633 1929 687 1991 καί
708 1924 930 1992 α’νυπόστατον
958 1927 990 1989 ἐν
1011 1925 1055 2012 τῷ
1077 1925 1121 2012 νῷ
1141 1944 1235 1986 συνι-

131 2028 288 2108 σταμένην
309 2024 364 2089 τόν
384 2030 473 2090 θεῖον
492 2023 628 2109 α’κηκοας
651 2030 782 2110 λέγοντα
806 2025 967 2106 Μάξιμον.
1014 2025 1148 2090 τοιαῦτα
1169 2018 1233 2106 γάρ

131 2147 190 2188 σου
214 2123 253 2188 τά
276 2129 340 2190 τάν
362 2124 489 2191 α’τόπων
510 2131 727 2213 καινοφοοῐιοῖν
749 2127 888 2210 αἰσχρά,
919 2129 974 2190 καί
995 2120 1077 2188 οὕτω
1100 2125 1233 2204 σχέτλια

133 2223 171 2290 τά
195 2225 452 2309 οομπεράσμοτα
482 2231 536 2311 τῆς
559 2235 616 2312 σῆς
641 2231 838 2309 δυσσεβείας.
895 2223 1005 2290 ἔπειτα
1028 2225 1083 2306 ζῆν
1103 2224 1299 2310 calepio„

89 2326 190 2391 20on
210 2320 374 2393 άναιόέσιν
394 2331 575 2414 ὀφθαλμοῖς
595 2328 653 2411 την
675 2329 831 2412 οάρανίαν
852 2329 979 2410 βλέπειν
1013 2324 1177 2404 λαμπάδα,
1197 2319 1231 2385 τό

133 2426 251 2506 σεμνόν
276 2425 365 2512 ἡλίου
386 2433 559 2526 βλέφαρον,
581 2431 637 2498 καί
658 2429 841 2514 άνθροόποις
857 2432 932 2494 νοόν
947 2425 1076 2509 ἔχουσιν
1099 2422 1233 2503 όμιλεῖν,

132 2526 188 2591 καί
207 2531 261 2591 sori
292 2530 393 2593 ου’τοό
422 2529 745 2613 συμμεταλαμβάνειν
775 2532 885 2604 ου’τοῖς
920 2528 1030 2612 α’έρος,
1061 2521 1233 2610 ὑπόμνημα

136 2827 163 2874 et
181 2820 338 2889 cognitione
356 2821 516 2878 naturalium
546 2837 598 2874 nae
616 2821 644 2874 iu
664 2821 698 2874 iis
718 2829 779 2875 snut
796 2823 943 2874 rationum:
964 2835 1041 2890 quam
1063 2819 1169 2889 quidem
1188 2833 1234 2872 sa.

133 2893 261 2961 pientiam
286 2892 457 2944 artificiosam
483 2838 565 2960 paulo
591 2901 652 2960 post
678 2909 770 2945 rursus
797 2895 856 2960 ipse
880 2901 987 2945 tenuem
1011 2899 1043 2945 'et
1069 2890 1234 2944 substantiae

134 2971 271 3031 expertem
291 2966 319 3014 in
340 2972 430 3014 mente
448 2965 620 3032 compositam
639 2965 719 3029 dicit,
744 2964 797 3015 lroc
820 2964 948 3016 modoad
969 2961 1080 3015 verbum
1101 2970 1234 3014 statuensr

134 3050 202 3102 quae
221 3050 237 3084 a
257 3035 308 3085 deo
328 3033 470 3086 laetasint
489 3050 656 3104 cognoscere
677 3037 754 3089 deum
769 3033 1011 3101 comprehensione
1030 3042 1060 3085 ut
1078 3033 1176 3086 dictum
1196 3040 1236 3083 est

133 3105 334 3157 animadversae
359 3106 387 3155 in
406 3106 440 3158 iis
459 3122 527 3174 quae
547 3107 615 3158 lacta
638 3115 700 3159 sunt
718 3107 881 3158 artificiosae
901 3105 1065 3172 sapientiae,
1086 3120 1155 3176 quae
1173 3103 1235 3172 qui.

133 3177 191 3228 dem
212 3183 253 3228 est
269 3177 358 3229 tenuis
391 3185 418 3228 et
442 3177 605 3231 substantiae
637 3193 733 3245 expers
758 3179 785 3229 in
815 3184 904 3229 mente
927 3178 1085 3244 composita.
1124 3183 1151 3226 et
1171 3173 1235 3227 aiibi

132 3263 226 3300 rursus
247 3246 311 3300 ille:
330 3263 384 3300 non
407 3252 576 3314 examentis,
595 3250 691 3317 iuquit,
712 3249 790 3301 (lcum
810 3249 1007 3317 cognoscimus,
1026 3249 1072 3300 sed
1093 3263 1108 3298 e
1126 3246 1235 3316 magni.

133 3319 241 3372 licentia
267 3326 295 3370 et
317 3321 489 3387 providentia
516 3337 613 3373 rerum.
660 3335 694 3370 ex
712 3320 755 3371 his
777 3322 847 3372 enim
872 3328 901 3371 ut
929 3335 943 3370 e
970 3319 1087 3387 speculis
1106 3318 1234 3370 inlinitum

132 3391 278 3442 bonitatem
301 3399 329 3441 et
346 3393 504 3459 sapientiam
524 3400 551 3442 et
571 3393 624 3443 vim
643 3389 829 3461 intelligimus.
868 3390 935 3443 hacc
953 3399 1110 3458 persecutns
1129 3391 1235 3457 Grego-

133 3478 194 3525 ras‚
215 3463 307 3526 vides,
330 3462 433 3532 lnquit,
454 3464 487 3516 acl
507 3458 636 3515 Palamam
656 3476 821 3528 conversus,
842 3479 899 3514 curn
925 3464 992 3515 duae
1011 3465 1065 3515 sint
1086 3463 1128 3514 iric
1147 3458 1234 3512 mule-

133 3532 265 3585 dictiones
282 3537 447 3600 propositae,
466 3536 621 3587 necessario
634 3535 662 3586 in
676 3533 785 3585 alterum
801 3543 828 3587 te
847 3535 983 3596 incidere3
1003 3543 1048 3586 aut
1062 3535 1131 3584 cuim
1150 3531 1234 3582 lilium

133 3603 193 3666 (lei,
212 3604 257 3670 qni
283 3611 323 3655 est
341 3621 406 3658 vera
423 3607 562 3674 sapientia,
585 3621 636 3674 qua
659 3606 729 3656 etin
749 3621 800 3673 qun
825 3607 952 3658 universa
972 3606 1052 3668 iecit,
1071 3603 1233 3654 increentia.

133 3673 186 3726 lem
206 3673 272 3724 dicis
286 3675 450 3728 divinitatem
470 3687 515 3731 ant
533 3678 702 3730 artificiosam
722 3693 791 3746 quae
810 3684 850 3729 est
866 3679 893 3728 in
913 3676 1010 3727 creatis
1030 3674 1186 3740 sapientiam
1206 3680 1233 3723 et

131 3745 215 3810 ipsam
233 3745 379 3797 increatam
400 3747 533 3818 simulque
552 3746 752 3800 inessentialem
772 3763 854 3801 vocas
873 3747 1060 3808 divinitatem,
1086 3759 1163 3811 quam
1188 3749 1232 3794 te.

131 3829 211 3867 noem
232 3822 259 3866 et
276 3815 440 3869 substantiae
459 3827 594 3886 expertem
615 3821 641 3869 in
660 3828 751 3871 mente
772 3819 944 3886 compositam
969 3816 1087 3868 divinant
1106 3814 1232 3866 audivisti

131 3887 264 3938 dicentem
284 3886 433 3938 llaximum.
476 3889 537 3941 talis
557 3891 626 3941 enirn
656 3899 762 3942 tuaest
787 3892 938 3957 ineptorum
963 3887 1154 3955 paradoxorum
1174 3893 1232 3938 tun·-

130 3957 223 4024 pitndo
246 3964 342 4008 ettam
364 3960 491 4011 immanes
511 3968 571 4010 sunt
592 3959 812 4014 ratiocinationes
839 3961 983 4026 impietatis
1003 3968 1079 4011 tuae:
1102 3965 1233 4010 ettamen

129 4029 225 4080 vivero
246 4028 327 4079 audes
348 4037 374 4080 ct
395 4029 481 4080 oculis
501 4031 697 4097 impudentibus
710 4032 856 4085 coelestem
875 4031 1012 4099 suspicere
1032 4030 1127 4092 lacem,
1147 4044 1235 4095 angu-

130 4107 197 4152 stam
218 4099 286 4152 solis
306 4100 415 4153 oculum
436 4107 463 4151 et
483 4102 553 4152 iuter
574 4101 696 4156 homines
714 4113 803 4156 mente
823 4101 958 4169 praeditos
976 4101 1078 4155 versari
1100 4099 1235 4150 eiusdem.

131 4185 184 4240 que
202 4187 261 4224 curn
279 4172 312 4223 iis
331 4175 465 4242 particeps
490 4185 551 4226 esso
572 4175 660 4241 aeris,
688 4174 837 4244 exemplum
862 4181 951 4240 tantae
980 4171 1119 4243 pravitatis
1150 4169 1235 4223 iactus
