<?xml version="1.0" encoding="UTF-8"?>
<!DOCTYPE html PUBLIC "-//W3C//DTD XHTML 1.0 Transitional//EN"
    "http://www.w3.org/TR/xhtml1/DTD/xhtml1-transitional.dtd">
<html xmlns="http://www.w3.org/1999/xhtml" xml:lang="en" lang="en">
 <head>
  <title>
</title>
<meta http-equiv="Content-Type" content="text/html;charset=utf-8" />
  <meta name='ocr-system' content='tesseract 3.04.00' />
  <meta name='ocr-capabilities' content='ocr_page ocr_carea ocr_par ocr_line ocrx_word'/>
</head>
<body>
  <div class='ocr_page' id='page_1' title='image "./corpusscriptoru13theogoog/corpusscriptoru13theogoog_0420.png"; bbox 0 0 3017 4759; ppageno 0'>
   <div class='ocr_carea' id='block_1_1' title="bbox 281 251 1162 326">
    <p class='ocr_par' dir='ltr' id='par_1_1' title="bbox 281 251 1162 326">
     <span class='ocr_line' id='line_1_1' title="bbox 281 251 1162 326; baseline -0.002 0"><span class='ocrx_word' id='word_1_1' title='bbox 281 251 354 326; x_wconf 80' lang='lat'><strong>398</strong></span> <span class='ocrx_word' id='word_1_2' title='bbox 587 257 813 326; x_wconf 76' lang='lat' dir='ltr'><strong>utcofflons</strong></span> <span class='ocrx_word' id='word_1_3' title='bbox 842 253 1072 326; x_wconf 59' lang='lat' dir='ltr'><strong>matu</strong></span> <span class='ocrx_word' id='word_1_4' title='bbox 1158 320 1162 324; x_wconf 83' lang='lat'>.</span> 
     </span>
    </p>
   </div>
   <div class='ocr_carea' id='block_1_2' title="bbox 215 407 1434 2414">
    <p class='ocr_par' dir='ltr' id='par_1_2' title="bbox 218 407 1433 1514">
     <span class='ocr_line' id='line_1_2' title="bbox 283 407 1392 504; baseline -0.007 -21"><span class='ocrx_word' id='word_1_5' title='bbox 283 424 360 484; x_wconf 79' lang='grc' dir='ltr'><strong><em>πᾶσι</em></strong></span> <span class='ocrx_word' id='word_1_6' title='bbox 385 425 483 503; x_wconf 75' lang='grc' dir='ltr'><strong><em>μετῆν</em></strong></span> <span class='ocrx_word' id='word_1_7' title='bbox 504 415 680 504; x_wconf 65' lang='grc' dir='ltr'><strong><em>ὁμοφύλοις</em></strong></span> <span class='ocrx_word' id='word_1_8' title='bbox 707 418 763 484; x_wconf 79' lang='grc' dir='ltr'><strong>καί</strong></span> <span class='ocrx_word' id='word_1_9' title='bbox 787 413 984 502; x_wconf 70' lang='grc' dir='ltr'>ὁμογνώμοσι</span> <span class='ocrx_word' id='word_1_10' title='bbox 1011 415 1069 500; x_wconf 76' lang='grc' dir='ltr'><strong><em>τὴν</em></strong></span> <span class='ocrx_word' id='word_1_11' title='bbox 1087 407 1279 497; x_wconf 81' lang='grc' dir='ltr'><strong><em>ευύἑβειαν,</em></strong></span> <span class='ocrx_word' id='word_1_12' title='bbox 1317 408 1392 484; x_wconf 74' lang='grc' dir='ltr'><strong><em>εἴτε</em></strong></span> 
     </span>
     <span class='ocr_line' id='line_1_3' title="bbox 280 513 1391 603; baseline -0.011 -17"><span class='ocrx_word' id='word_1_13' title='bbox 280 523 344 586; x_wconf 69' lang='lat' dir='ltr'><strong>sobo</strong></span> <span class='ocrx_word' id='word_1_14' title='bbox 365 524 508 590; x_wconf 74' lang='grc' dir='ltr'><strong><em>ναυτέων</em></strong></span> <span class='ocrx_word' id='word_1_15' title='bbox 534 545 581 596; x_wconf 83' lang='grc' dir='ltr'><strong>αις</strong></span> <span class='ocrx_word' id='word_1_16' title='bbox 604 517 653 603; x_wconf 77' lang='grc' dir='ltr'><strong>εἴη</strong></span> <span class='ocrx_word' id='word_1_17' title='bbox 686 519 741 587; x_wconf 82' lang='grc' dir='ltr'><strong><em>ναί</em></strong></span> <span class='ocrx_word' id='word_1_18' title='bbox 770 523 955 587; x_wconf 81' lang='grc' dir='ltr'><strong><em>υκαιιανὲυν</em></strong></span> <span class='ocrx_word' id='word_1_19' title='bbox 983 517 1039 584; x_wconf 82' lang='grc' dir='ltr'><strong>καί</strong></span> <span class='ocrx_word' id='word_1_20' title='bbox 1063 513 1098 580; x_wconf 85' lang='grc' dir='ltr'><strong>εἴ</strong></span> <span class='ocrx_word' id='word_1_21' title='bbox 1113 540 1159 593; x_wconf 86' lang='grc' dir='ltr'><strong>τις</strong></span> <span class='ocrx_word' id='word_1_22' title='bbox 1189 517 1253 588; x_wconf 76' lang='grc' dir='ltr'><strong><em>τῶν</em></strong></span> <span class='ocrx_word' id='word_1_23' title='bbox 1282 537 1391 600; x_wconf 84' lang='grc' dir='ltr'><strong><em>σοφι-</em></strong></span> 
     </span>
     <span class='ocr_line' id='line_1_4' title="bbox 218 613 1391 704; baseline -0.008 -17"><span class='ocrx_word' id='word_1_24' title='bbox 218 625 378 699; x_wconf 60' lang='lat' dir='ltr'><strong>gnoson.</strong></span> <span class='ocrx_word' id='word_1_25' title='bbox 423 622 571 704; x_wconf 76' lang='grc' dir='ltr'><strong><em>ιλεεὶιερον</em></strong></span> <span class='ocrx_word' id='word_1_26' title='bbox 600 621 628 684; x_wconf 80' lang='grc' dir='ltr'><strong>δ’</strong></span> <span class='ocrx_word' id='word_1_27' title='bbox 659 617 781 702; x_wconf 81' lang='grc' dir='ltr'><strong><em>εἴποιμι</em></strong></span> <span class='ocrx_word' id='word_1_28' title='bbox 814 613 854 684; x_wconf 78' lang='grc' dir='ltr'><strong><em>α’ίν</em></strong></span> <span class='ocrx_word' id='word_1_29' title='bbox 882 619 924 694; x_wconf 74' lang='grc' dir='ltr'><strong>ὥς</strong></span> <span class='ocrx_word' id='word_1_30' title='bbox 955 622 986 684; x_wconf 81' lang='grc' dir='ltr'><strong>εἰ</strong></span> <span class='ocrx_word' id='word_1_31' title='bbox 1013 616 1122 702; x_wconf 83' lang='grc' dir='ltr'><strong><em>βίαιόν</em></strong></span> <span class='ocrx_word' id='word_1_32' title='bbox 1150 641 1181 680; x_wconf 82' lang='grc' dir='ltr'><strong>τι</strong></span> <span class='ocrx_word' id='word_1_33' title='bbox 1209 616 1264 682; x_wconf 84' lang='grc' dir='ltr'><strong>καί</strong></span> <span class='ocrx_word' id='word_1_34' title='bbox 1300 617 1391 684; x_wconf 81' lang='grc' dir='ltr'><strong><em>οἴνα-</em></strong></span> 
     </span>
     <span class='ocr_line' id='line_1_5' title="bbox 283 714 1392 807; baseline -0.005 -21"><span class='ocrx_word' id='word_1_35' title='bbox 283 722 459 807; x_wconf 79' lang='grc' dir='ltr'><strong><em>νιίιλροιυιυν</em></strong></span> <span class='ocrx_word' id='word_1_36' title='bbox 492 721 530 786; x_wconf 66' lang='lat' dir='ltr'><strong>ro*</strong></span> <span class='ocrx_word' id='word_1_37' title='bbox 557 724 614 803; x_wconf 78' lang='grc' dir='ltr'><strong>αῆς</strong></span> <span class='ocrx_word' id='word_1_38' title='bbox 651 720 788 806; x_wconf 76' lang='grc' dir='ltr'><strong><em>α’νάγιιης</em></strong></span> <span class='ocrx_word' id='word_1_39' title='bbox 821 724 975 791; x_wconf 74' lang='grc' dir='ltr'><strong>ἐνταυθοῖ</strong></span> <span class='ocrx_word' id='word_1_40' title='bbox 1005 721 1188 804; x_wconf 67' lang='grc' dir='ltr'><strong><em>περιίστατο</em></strong></span> <span class='ocrx_word' id='word_1_41' title='bbox 1216 714 1392 802; x_wconf 75' lang='grc' dir='ltr'><strong><em>τρόπαιον,</em></strong></span> 
     </span>
     <span class='ocr_line' id='line_1_6' title="bbox 281 817 1416 906; baseline -0.003 -18"><span class='ocrx_word' id='word_1_42' title='bbox 281 823 357 906; x_wconf 74' lang='grc' dir='ltr'><strong>περὶ</strong></span> <span class='ocrx_word' id='word_1_43' title='bbox 370 823 492 895; x_wconf 70' lang='grc' dir='ltr'><strong><em>πολλοῦ</em></strong></span> <span class='ocrx_word' id='word_1_44' title='bbox 511 824 596 904; x_wconf 72' lang='grc' dir='ltr'><strong><em>μέντ’*</em></strong></span> <span class='ocrx_word' id='word_1_45' title='bbox 620 818 659 888; x_wconf 69' lang='lat' dir='ltr'><strong>aba</strong></span> <span class='ocrx_word' id='word_1_46' title='bbox 681 824 735 886; x_wconf 84' lang='grc' dir='ltr'><strong>καί</strong></span> <span class='ocrx_word' id='word_1_47' title='bbox 750 823 860 904; x_wconf 70' lang='lat' dir='ltr'><strong>odron,</strong></span> <span class='ocrx_word' id='word_1_48' title='bbox 880 823 1001 902; x_wconf 73' lang='grc' dir='ltr'><strong><em>μᾶλλον</em></strong></span> <span class='ocrx_word' id='word_1_49' title='bbox 1017 823 1058 886; x_wconf 76' lang='lat' dir='ltr'><strong>dt</strong></span> <span class='ocrx_word' id='word_1_50' title='bbox 1077 823 1134 887; x_wconf 75' lang='lat' dir='ltr'><strong>rori</strong></span> <span class='ocrx_word' id='word_1_51' title='bbox 1150 817 1267 894; x_wconf 70' lang='grc' dir='ltr'><strong><em>μανείς</em></strong></span> <span class='ocrx_word' id='word_1_52' title='bbox 1290 821 1416 885; x_wconf 71' lang='grc' dir='ltr'><strong><em>ἔνιοι-5</em></strong></span> 
     </span>
     <span class='ocr_line' id='line_1_7' title="bbox 283 918 1386 1009; baseline -0.005 -19"><span class='ocrx_word' id='word_1_53' title='bbox 283 925 385 1009; x_wconf 71' lang='grc' dir='ltr'><strong><em>ουῖμην</em></strong></span> <span class='ocrx_word' id='word_1_54' title='bbox 405 922 441 992; x_wconf 69' lang='grc' dir='ltr'><strong>οὐ</strong></span> <span class='ocrx_word' id='word_1_55' title='bbox 465 923 564 1006; x_wconf 67' lang='grc' dir='ltr'><strong><em>λέγειν</em></strong></span> <span class='ocrx_word' id='word_1_56' title='bbox 590 925 744 1003; x_wconf 72' lang='grc' dir='ltr'><strong><em>ἐνταῦθα,</em></strong></span> <span class='ocrx_word' id='word_1_57' title='bbox 767 923 909 1002; x_wconf 68' lang='grc' dir='ltr'><strong><em>ἐμαυτοῦ</em></strong></span> <span class='ocrx_word' id='word_1_58' title='bbox 924 945 955 987; x_wconf 82' lang='grc' dir='ltr'><strong>ιε</strong></span> <span class='ocrx_word' id='word_1_59' title='bbox 978 918 1248 1007; x_wconf 71' lang='grc' dir='ltr'><strong><em>αρυμηθοίμενος,</em></strong></span> <span class='ocrx_word' id='word_1_60' title='bbox 1268 918 1311 994; x_wconf 78' lang='grc' dir='ltr'><strong>ὥς</strong></span> <span class='ocrx_word' id='word_1_61' title='bbox 1332 920 1386 1004; x_wconf 74' lang='grc' dir='ltr'><strong>μὴ</strong></span> 
     </span>
     <span class='ocr_line' id='line_1_8' title="bbox 282 1018 1387 1108; baseline -0.005 -19"><span class='ocrx_word' id='word_1_62' title='bbox 282 1026 512 1105; x_wconf 81' lang='grc' dir='ltr'><strong><em>διαβαλλοίμην</em></strong></span> <span class='ocrx_word' id='word_1_63' title='bbox 527 1032 595 1098; x_wconf 71' lang='grc' dir='ltr'><strong><em>,τοῖς</em></strong></span> <span class='ocrx_word' id='word_1_64' title='bbox 616 1022 879 1108; x_wconf 69' lang='grc' dir='ltr'><strong><em>φιλοσκώμμουι,</em></strong></span> <span class='ocrx_word' id='word_1_65' title='bbox 899 1024 957 1090; x_wconf 74' lang='grc' dir='ltr'><strong>καί</strong></span> <span class='ocrx_word' id='word_1_66' title='bbox 975 1018 1043 1102; x_wconf 70' lang='grc' dir='ltr'><strong>ἅμα</strong></span> <span class='ocrx_word' id='word_1_67' title='bbox 1061 1025 1123 1086; x_wconf 71' lang='grc' dir='ltr'><strong><em>ταῖν</em></strong></span> <span class='ocrx_word' id='word_1_68' title='bbox 1143 1021 1387 1106; x_wconf 72' lang='grc' dir='ltr'><strong><em>α’φελευτέρων,</em></strong></span> 
     </span>
     <span class='ocr_line' id='line_1_9' title="bbox 282 1120 1388 1211; baseline -0.006 -20"><span class='ocrx_word' id='word_1_69' title='bbox 282 1123 324 1200; x_wconf 66' lang='grc' dir='ltr'><strong>οἷς</strong></span> <span class='ocrx_word' id='word_1_70' title='bbox 345 1121 389 1206; x_wconf 67' lang='grc' dir='ltr'><strong>μή</strong></span> <span class='ocrx_word' id='word_1_71' title='bbox 414 1123 530 1211; x_wconf 71' lang='grc' dir='ltr'><strong><em>ῥᾳδίως</em></strong></span> <span class='ocrx_word' id='word_1_72' title='bbox 562 1126 763 1209; x_wconf 75' lang='grc' dir='ltr'><strong><em>ἐξανατῷνιο</em></strong></span> <span class='ocrx_word' id='word_1_73' title='bbox 793 1120 873 1205; x_wconf 78' lang='grc' dir='ltr'><strong><em>πρὸς</em></strong></span> <span class='ocrx_word' id='word_1_74' title='bbox 894 1126 957 1190; x_wconf 73' lang='grc' dir='ltr'><strong><em>τῶν</em></strong></span> <span class='ocrx_word' id='word_1_75' title='bbox 986 1124 1124 1191; x_wconf 67' lang='lat' dir='ltr'><strong>darneto</strong></span> <span class='ocrx_word' id='word_1_76' title='bbox 1152 1124 1208 1204; x_wconf 76' lang='grc' dir='ltr'><strong>τῆς</strong></span> <span class='ocrx_word' id='word_1_77' title='bbox 1230 1121 1388 1201; x_wconf 80' lang='grc' dir='ltr'><strong><em>α’σεβείας</em></strong></span> 
     </span>
     <span class='ocr_line' id='line_1_10' title="bbox 281 1215 1386 1308; baseline -0.005 -16"><span class='ocrx_word' id='word_1_78' title='bbox 281 1226 457 1308; x_wconf 69' lang='grc' dir='ltr'><strong><em>προέδρων.</em></strong></span> <span class='ocrx_word' id='word_1_79' title='bbox 498 1227 555 1288; x_wconf 76' lang='grc' dir='ltr'><strong>νῦν</strong></span> <span class='ocrx_word' id='word_1_80' title='bbox 577 1225 605 1288; x_wconf 84' lang='grc' dir='ltr'><strong>δ”</strong></span> <span class='ocrx_word' id='word_1_81' title='bbox 628 1221 738 1306; x_wconf 76' lang='grc' dir='ltr'><strong><em>ἐπειδὴ</em></strong></span> <span class='ocrx_word' id='word_1_82' title='bbox 756 1229 901 1304; x_wconf 75' lang='grc' dir='ltr'><strong><em>,ματαίαν</em></strong></span> <span class='ocrx_word' id='word_1_83' title='bbox 915 1223 1067 1299; x_wconf 70' lang='grc' dir='ltr'><strong><em>ε’νιιλλειξιν</em></strong></span> <span class='ocrx_word' id='word_1_84' title='bbox 1086 1215 1170 1286; x_wconf 85' lang='grc' dir='ltr'><strong><em>εἶναι</em></strong></span> <span class='ocrx_word' id='word_1_85' title='bbox 1187 1219 1222 1285; x_wconf 80' lang='grc' dir='ltr'><strong>τὸ</strong></span> <span class='ocrx_word' id='word_1_86' title='bbox 1243 1223 1386 1303; x_wconf 62' lang='grc' dir='ltr'><strong><em>πρᾶγμα</em></strong></span> 
     </span>
     <span class='ocr_line' id='line_1_11' title="bbox 281 1319 1433 1409; baseline -0.005 -15"><span class='ocrx_word' id='word_1_87' title='bbox 281 1335 447 1394; x_wconf 71' lang='grc' dir='ltr'><strong><em>ιιαταννειῖν</em></strong></span> <span class='ocrx_word' id='word_1_88' title='bbox 469 1319 546 1409; x_wconf 70' lang='grc' dir='ltr'><strong><em>ἡμῖν</em></strong></span> <span class='ocrx_word' id='word_1_89' title='bbox 565 1326 797 1408; x_wconf 76' lang='grc' dir='ltr'><strong><em>ααροινίνεααι,</em></strong></span> <span class='ocrx_word' id='word_1_90' title='bbox 818 1329 874 1393; x_wconf 82' lang='grc' dir='ltr'><strong>καί</strong></span> <span class='ocrx_word' id='word_1_91' title='bbox 894 1323 992 1393; x_wconf 70' lang='grc' dir='ltr'><strong><em>πολὺν</em></strong></span> <span class='ocrx_word' id='word_1_92' title='bbox 1009 1327 1071 1404; x_wconf 81' lang='grc' dir='ltr'><strong><em>μὲν</em></strong></span> <span class='ocrx_word' id='word_1_93' title='bbox 1095 1321 1248 1409; x_wconf 85' lang='grc' dir='ltr'><strong><em>,οἷνόνηιον</em></strong></span> <span class='ocrx_word' id='word_1_94' title='bbox 1270 1325 1308 1388; x_wconf 75' lang='grc' dir='ltr'><strong>δὲ</strong></span> <span class='ocrx_word' id='word_1_95' title='bbox 1325 1326 1388 1388; x_wconf 78' lang='grc' dir='ltr'><strong>καί</strong></span> <span class='ocrx_word' id='word_1_96' title='bbox 1397 1326 1433 1379; x_wconf 83' lang='lat'><strong>10</strong></span> 
     </span>
     <span class='ocr_line' id='line_1_12' title="bbox 282 1419 1389 1514; baseline -0.004 -22"><span class='ocrx_word' id='word_1_97' title='bbox 282 1429 351 1514; x_wconf 75' lang='grc' dir='ltr'><strong><em>εἰκῇ</em></strong></span> <span class='ocrx_word' id='word_1_98' title='bbox 372 1425 427 1492; x_wconf 69' lang='grc' dir='ltr'><strong><em>τὸν</em></strong></span> <span class='ocrx_word' id='word_1_99' title='bbox 450 1428 506 1508; x_wconf 78' lang='grc' dir='ltr'><strong>τῆς</strong></span> <span class='ocrx_word' id='word_1_100' title='bbox 526 1424 631 1508; x_wconf 74' lang='grc' dir='ltr'><strong><em>ἔριδος</em></strong></span> <span class='ocrx_word' id='word_1_101' title='bbox 659 1427 814 1492; x_wconf 71' lang='grc' dir='ltr'><strong><em>ἐντεῦθεν</em></strong></span> <span class='ocrx_word' id='word_1_102' title='bbox 843 1422 1005 1507; x_wconf 77' lang='grc' dir='ltr'><strong><em>κονιορτὸν</em></strong></span> <span class='ocrx_word' id='word_1_103' title='bbox 1035 1419 1252 1508; x_wconf 65' lang='grc' dir='ltr'><strong><em>ἐγειρόμενον,</em></strong></span> <span class='ocrx_word' id='word_1_104' title='bbox 1276 1427 1389 1506; x_wconf 78' lang='grc' dir='ltr'><strong><em>σιγᾶν,</em></strong></span> 
     </span>
    </p>

    <p class='ocr_par' dir='ltr' id='par_1_3' title="bbox 215 1517 1433 2116">
     <span class='ocr_line' id='line_1_13' title="bbox 215 1517 1388 1612; baseline -0.004 -18"><span class='ocrx_word' id='word_1_105' title='bbox 215 1545 221 1556; x_wconf 89' lang='grc'><strong><em>·</em></strong></span> <span class='ocrx_word' id='word_1_106' title='bbox 284 1525 327 1604; x_wconf 70' lang='grc' dir='ltr'><strong>ὥς</strong></span> <span class='ocrx_word' id='word_1_107' title='bbox 350 1525 486 1612; x_wconf 60' lang='lat' dir='ltr'><strong>elbretus,</strong></span> <span class='ocrx_word' id='word_1_108' title='bbox 513 1526 689 1611; x_wconf 75' lang='grc' dir='ltr'><strong><em>ἐβουλόμην</em></strong></span> <span class='ocrx_word' id='word_1_109' title='bbox 712 1517 751 1593; x_wconf 75' lang='grc' dir='ltr'><strong><em>ν’ίν</em></strong></span> <span class='ocrx_word' id='word_1_110' title='bbox 770 1531 892 1608; x_wconf 75' lang='grc' dir='ltr'><strong><em>μᾶλλον</em></strong></span> <span class='ocrx_word' id='word_1_111' title='bbox 910 1521 934 1609; x_wconf 59' lang='lat' dir='ltr'><strong>ci*</strong></span> <span class='ocrx_word' id='word_1_112' title='bbox 952 1529 1075 1609; x_wconf 76' lang='grc' dir='ltr'><strong><em>λέγειν,</em></strong></span> <span class='ocrx_word' id='word_1_113' title='bbox 1098 1525 1139 1586; x_wconf 80' lang='grc' dir='ltr'><strong>ου’</strong></span> <span class='ocrx_word' id='word_1_114' title='bbox 1158 1523 1191 1591; x_wconf 80' lang='grc' dir='ltr'><strong>,ιό</strong></span> <span class='ocrx_word' id='word_1_115' title='bbox 1210 1527 1316 1608; x_wconf 73' lang='grc' dir='ltr'><strong><em>λέγειν</em></strong></span> <span class='ocrx_word' id='word_1_116' title='bbox 1339 1525 1388 1600; x_wconf 72' lang='grc' dir='ltr'><strong>ὥς</strong></span> 
     </span>
     <span class='ocr_line' id='line_1_14' title="bbox 283 1623 1390 1712; baseline -0.003 -18"><span class='ocrx_word' id='word_1_117' title='bbox 283 1627 434 1712; x_wconf 79' lang='grc' dir='ltr'><strong><em>α’νίνηι-ον</em></strong></span> <span class='ocrx_word' id='word_1_118' title='bbox 457 1625 535 1696; x_wconf 82' lang='grc' dir='ltr'><strong><em>κατ-οὶ</em></strong></span> <span class='ocrx_word' id='word_1_119' title='bbox 560 1623 660 1712; x_wconf 76' lang='grc' dir='ltr'><strong><em>φύσιν</em></strong></span> <span class='ocrx_word' id='word_1_120' title='bbox 679 1625 828 1710; x_wconf 66' lang='grc' dir='ltr'><strong><em>ὑπάρχον</em></strong></span> <span class='ocrx_word' id='word_1_121' title='bbox 859 1626 1104 1708; x_wconf 68' lang='grc' dir='ltr'><strong><em>ἀποσειόμενος,</em></strong></span> <span class='ocrx_word' id='word_1_122' title='bbox 1142 1625 1212 1691; x_wconf 77' lang='grc' dir='ltr'><strong><em>ἀλλ’</em></strong></span> <span class='ocrx_word' id='word_1_123' title='bbox 1240 1625 1283 1700; x_wconf 72' lang='grc' dir='ltr'><strong>ὥς</strong></span> <span class='ocrx_word' id='word_1_124' title='bbox 1306 1625 1390 1708; x_wconf 67' lang='grc' dir='ltr'><strong><em>ἡμῖν</em></strong></span> 
     </span>
     <span class='ocr_line' id='line_1_15' title="bbox 284 1715 1389 1814; baseline -0.003 -21"><span class='ocrx_word' id='word_1_125' title='bbox 284 1727 430 1810; x_wconf 70' lang='grc' dir='ltr'><strong><em>ὑπάρχον</em></strong></span> <span class='ocrx_word' id='word_1_126' title='bbox 454 1725 604 1810; x_wconf 71' lang='grc' dir='ltr'><strong><em>ἀνόνητον</em></strong></span> <span class='ocrx_word' id='word_1_127' title='bbox 627 1715 712 1809; x_wconf 69' lang='grc' dir='ltr'><strong><em>ἄρτι,</em></strong></span> <span class='ocrx_word' id='word_1_128' title='bbox 732 1724 787 1810; x_wconf 70' lang='grc' dir='ltr'><strong><em>τήν</em></strong></span> <span class='ocrx_word' id='word_1_129' title='bbox 805 1729 935 1812; x_wconf 77' lang='grc' dir='ltr'><strong><em>-ίιαρίαν</em></strong></span> <span class='ocrx_word' id='word_1_130' title='bbox 957 1730 1034 1801; x_wconf 78' lang='grc' dir='ltr'><strong>τὲως</strong></span> <span class='ocrx_word' id='word_1_131' title='bbox 1061 1727 1118 1792; x_wconf 80' lang='grc' dir='ltr'><strong>τοῦ</strong></span> <span class='ocrx_word' id='word_1_132' title='bbox 1137 1723 1254 1809; x_wconf 72' lang='grc' dir='ltr'><strong><em>χρόνου</em></strong></span> <span class='ocrx_word' id='word_1_133' title='bbox 1273 1724 1389 1814; x_wconf 56' lang='grc' dir='ltr'><strong><em>ναθοὶς-</em></strong></span> 
     </span>
     <span class='ocr_line' id='line_1_16' title="bbox 282 1821 1433 1912; baseline -0.004 -18"><span class='ocrx_word' id='word_1_134' title='bbox 282 1853 340 1910; x_wconf 77' lang='grc' dir='ltr'><strong>περ</strong></span> <span class='ocrx_word' id='word_1_135' title='bbox 363 1825 434 1898; x_wconf 65' lang='lat' dir='ltr'><strong>aava</strong></span> <span class='ocrx_word' id='word_1_136' title='bbox 456 1829 569 1912; x_wconf 76' lang='grc' dir='ltr'><strong><em>κηλῖδα</em></strong></span> <span class='ocrx_word' id='word_1_137' title='bbox 591 1837 855 1906; x_wconf 78' lang='grc' dir='ltr'><strong><em>ουμιιειιεωκυῖαν</em></strong></span> <span class='ocrx_word' id='word_1_138' title='bbox 875 1827 1110 1911; x_wconf 63' lang='lat' dir='ltr'><strong>taratantara»</strong></span> <span class='ocrx_word' id='word_1_139' title='bbox 1131 1821 1218 1911; x_wconf 78' lang='grc' dir='ltr'><strong><em>παρὰ</em></strong></span> <span class='ocrx_word' id='word_1_140' title='bbox 1236 1821 1273 1895; x_wconf 74' lang='grc' dir='ltr'><strong>εί</strong></span> <span class='ocrx_word' id='word_1_141' title='bbox 1298 1822 1433 1905; x_wconf 58' lang='lat' dir='ltr'><strong>cladem</strong></span> 
     </span>
     <span class='ocr_line' id='line_1_17' title="bbox 284 1925 1390 2013; baseline -0.004 -20"><span class='ocrx_word' id='word_1_142' title='bbox 284 1928 538 2006; x_wconf 75' lang='grc' dir='ltr'><strong><em>αἰναίεξαμὲνου·</em></strong></span> <span class='ocrx_word' id='word_1_143' title='bbox 587 1925 609 1995; x_wconf 64' lang='lat' dir='ltr'><strong>b*</strong></span> <span class='ocrx_word' id='word_1_144' title='bbox 640 1925 701 2010; x_wconf 77' lang='lat' dir='ltr'><strong>yolo</strong></span> <span class='ocrx_word' id='word_1_145' title='bbox 728 1929 935 2013; x_wconf 76' lang='grc' dir='ltr'><strong><em>ἐνδεχομένην</em></strong></span> <span class='ocrx_word' id='word_1_146' title='bbox 961 1929 1018 1994; x_wconf 75' lang='lat' dir='ltr'><strong>oria</strong></span> <span class='ocrx_word' id='word_1_147' title='bbox 1046 1928 1221 2012; x_wconf 76' lang='grc' dir='ltr'><strong><em>α’ναγναίαν</em></strong></span> <span class='ocrx_word' id='word_1_148' title='bbox 1244 1929 1279 1990; x_wconf 81' lang='lat' dir='ltr'><strong>dt</strong></span> <span class='ocrx_word' id='word_1_149' title='bbox 1302 1950 1390 2009; x_wconf 77' lang='lat' dir='ltr'><strong>arpo-</strong></span> 
     </span>
     <span class='ocr_line' id='line_1_18' title="bbox 283 2025 1390 2116; baseline -0.001 -24"><span class='ocrx_word' id='word_1_150' title='bbox 283 2030 452 2112; x_wconf 77' lang='grc' dir='ltr'><strong><em>βὰλλονναι</em></strong></span> <span class='ocrx_word' id='word_1_151' title='bbox 474 2025 624 2116; x_wconf 65' lang='grc' dir='ltr'><strong><em>ζήτησιν,</em></strong></span> <span class='ocrx_word' id='word_1_152' title='bbox 656 2031 759 2094; x_wconf 71' lang='grc' dir='ltr'><strong><em>ταῦτα</em></strong></span> <span class='ocrx_word' id='word_1_153' title='bbox 787 2029 910 2106; x_wconf 65' lang='lat' dir='ltr'><strong>adoreon</strong></span> <span class='ocrx_word' id='word_1_154' title='bbox 934 2031 1009 2095; x_wconf 69' lang='grc' dir='ltr'><strong><em>,ουδ’</em></strong></span> <span class='ocrx_word' id='word_1_155' title='bbox 1032 2030 1209 2112; x_wconf 72' lang='grc' dir='ltr'><strong><em>ἆνυγκαίαν</em></strong></span> <span class='ocrx_word' id='word_1_156' title='bbox 1232 2026 1304 2092; x_wconf 76' lang='grc' dir='ltr'><strong>εινοὶ</strong></span> <span class='ocrx_word' id='word_1_157' title='bbox 1328 2025 1390 2110; x_wconf 72' lang='grc' dir='ltr'><strong>τὴν</strong></span> 
     </span>
    </p>

    <p class='ocr_par' dir='ltr' id='par_1_4' title="bbox 219 2123 1434 2414">
     <span class='ocr_line' id='line_1_19' title="bbox 219 2123 1388 2217; baseline -0.003 -23"><span class='ocrx_word' id='word_1_158' title='bbox 219 2127 456 2212; x_wconf 63' lang='lat' dir='ltr'><strong>colludentem</strong></span> <span class='ocrx_word' id='word_1_159' title='bbox 478 2130 612 2197; x_wconf 68' lang='lat' dir='ltr'><strong>dancrat*</strong></span> <span class='ocrx_word' id='word_1_160' title='bbox 629 2132 823 2211; x_wconf 43' lang='grc' dir='ltr'><strong><em>ιιανοαχοιῖε</em></strong></span> <span class='ocrx_word' id='word_1_161' title='bbox 861 2129 971 2200; x_wconf 67' lang='lat' dir='ltr'><strong>dandos</strong></span> <span class='ocrx_word' id='word_1_162' title='bbox 994 2126 1061 2217; x_wconf 68' lang='lat' dir='ltr'><strong>yolo</strong></span> <span class='ocrx_word' id='word_1_163' title='bbox 1086 2126 1140 2194; x_wconf 83' lang='grc' dir='ltr'><strong>καί</strong></span> <span class='ocrx_word' id='word_1_164' title='bbox 1160 2131 1220 2192; x_wconf 72' lang='grc' dir='ltr'><strong>τοῦ</strong></span> <span class='ocrx_word' id='word_1_165' title='bbox 1239 2123 1388 2210; x_wconf 73' lang='grc' dir='ltr'><strong><em>μεγάλου</em></strong></span> 
     </span>
     <span class='ocr_line' id='line_1_20' title="bbox 285 2227 1389 2314; baseline -0.006 -15"><span class='ocrx_word' id='word_1_166' title='bbox 285 2232 457 2300; x_wconf 81' lang='grc' dir='ltr'><strong><em>Βασιλείαν</em></strong></span> <span class='ocrx_word' id='word_1_167' title='bbox 477 2231 756 2314; x_wconf 71' lang='grc' dir='ltr'><strong><em>ιιεριῑμρονοῦνεος,</em></strong></span> <span class='ocrx_word' id='word_1_168' title='bbox 787 2229 881 2312; x_wconf 64' lang='grc' dir='ltr'><strong><em>ὄπυιε</em></strong></span> <span class='ocrx_word' id='word_1_169' title='bbox 903 2231 983 2313; x_wconf 78' lang='grc' dir='ltr'><strong><em>πρὸς</em></strong></span> <span class='ocrx_word' id='word_1_170' title='bbox 1002 2234 1065 2298; x_wconf 79' lang='grc' dir='ltr'><strong><em>τῶν</em></strong></span> <span class='ocrx_word' id='word_1_171' title='bbox 1086 2230 1257 2313; x_wconf 57' lang='lat' dir='ltr'><strong>uparanete</strong></span> <span class='ocrx_word' id='word_1_172' title='bbox 1280 2227 1389 2292; x_wconf 84' lang='grc' dir='ltr'><strong><em>ειίιαι-</em></strong></span> 
     </span>
     <span class='ocr_line' id='line_1_21' title="bbox 286 2326 1434 2414; baseline -0.004 -18"><span class='ocrx_word' id='word_1_173' title='bbox 286 2329 447 2412; x_wconf 73' lang='grc' dir='ltr'><strong><em>ποῖοντὴν</em></strong></span> <span class='ocrx_word' id='word_1_174' title='bbox 471 2333 529 2393; x_wconf 75' lang='grc' dir='ltr'><strong><em>νοῦ</em></strong></span> <span class='ocrx_word' id='word_1_175' title='bbox 546 2327 678 2412; x_wconf 61' lang='lat' dir='ltr'><strong>‘focapran</strong></span> <span class='ocrx_word' id='word_1_176' title='bbox 700 2326 803 2397; x_wconf 72' lang='grc' dir='ltr'><strong><em>ἔνεισί</em></strong></span> <span class='ocrx_word' id='word_1_177' title='bbox 822 2329 881 2412; x_wconf 69' lang='grc' dir='ltr'><strong>μί’</strong></span> <span class='ocrx_word' id='word_1_178' title='bbox 901 2330 1011 2414; x_wconf 72' lang='grc' dir='ltr'><strong><em>φωνὴν</em></strong></span> <span class='ocrx_word' id='word_1_179' title='bbox 1039 2333 1229 2414; x_wconf 75' lang='grc' dir='ltr'><strong><em>ἐξηγεῖσθαι,</em></strong></span> <span class='ocrx_word' id='word_1_180' title='bbox 1251 2327 1307 2392; x_wconf 77' lang='grc' dir='ltr'><strong><em>ναὶ</em></strong></span> <span class='ocrx_word' id='word_1_181' title='bbox 1326 2331 1434 2410; x_wconf 63' lang='lat' dir='ltr'><strong>raiano</strong></span> 
     </span>
    </p>
   </div>
   <div class='ocr_carea' id='block_1_3' title="bbox 285 2425 1390 2619">
    <p class='ocr_par' dir='ltr' id='par_1_5' title="bbox 285 2425 1390 2619">
     <span class='ocr_line' id='line_1_22' title="bbox 285 2425 1390 2516; baseline -0.006 -18"><span class='ocrx_word' id='word_1_182' title='bbox 285 2432 374 2515; x_wconf 73' lang='grc' dir='ltr'><strong><em>σιγῆς</em></strong></span> <span class='ocrx_word' id='word_1_183' title='bbox 395 2429 452 2513; x_wconf 63' lang='grc' dir='ltr'><strong>τήν</strong></span> <span class='ocrx_word' id='word_1_184' title='bbox 476 2433 581 2502; x_wconf 78' lang='grc' dir='ltr'><strong><em>αἰτίαν</em></strong></span> <span class='ocrx_word' id='word_1_185' title='bbox 602 2427 789 2516; x_wconf 76' lang='grc' dir='ltr'><strong><em>φάσκοντος,</em></strong></span> <span class='ocrx_word' id='word_1_186' title='bbox 804 2432 848 2514; x_wconf 74' lang='grc' dir='ltr'><strong>μή</strong></span> <span class='ocrx_word' id='word_1_187' title='bbox 871 2425 952 2498; x_wconf 80' lang='grc' dir='ltr'><strong><em>εἶναι</em></strong></span> <span class='ocrx_word' id='word_1_188' title='bbox 978 2427 1100 2516; x_wconf 71' lang='grc' dir='ltr'><strong><em>δηλαδή</em></strong></span> <span class='ocrx_word' id='word_1_189' title='bbox 1112 2432 1272 2513; x_wconf 75' lang='grc' dir='ltr'><strong><em>μηδεμίαν</em></strong></span> <span class='ocrx_word' id='word_1_190' title='bbox 1282 2428 1390 2510; x_wconf 76' lang='grc' dir='ltr'><strong><em>οἷνυὶγ-</em></strong></span> 
     </span>
     <span class='ocr_line' id='line_1_23' title="bbox 285 2529 1390 2619; baseline -0.005 -20"><span class='ocrx_word' id='word_1_191' title='bbox 285 2555 342 2616; x_wconf 81' lang='grc' dir='ltr'><strong><em>νην</em></strong></span> <span class='ocrx_word' id='word_1_192' title='bbox 365 2535 438 2616; x_wconf 75' lang='grc' dir='ltr'><strong>περὶ</strong></span> <span class='ocrx_word' id='word_1_193' title='bbox 459 2529 604 2616; x_wconf 70' lang='grc' dir='ltr'><strong><em>τοιαύτης</em></strong></span> <span class='ocrx_word' id='word_1_194' title='bbox 624 2535 725 2614; x_wconf 64' lang='grc' dir='ltr'><strong><em>λέγειν</em></strong></span> <span class='ocrx_word' id='word_1_195' title='bbox 748 2535 876 2619; x_wconf 80' lang='grc' dir='ltr'><strong><em>φωνῆς,</em></strong></span> <span class='ocrx_word' id='word_1_196' title='bbox 906 2535 962 2605; x_wconf 74' lang='grc' dir='ltr'><strong><em>ναί</em></strong></span> <span class='ocrx_word' id='word_1_197' title='bbox 974 2535 1083 2606; x_wconf 74' lang='grc' dir='ltr'><strong><em>,ταῦτα</em></strong></span> <span class='ocrx_word' id='word_1_198' title='bbox 1111 2531 1168 2600; x_wconf 75' lang='grc' dir='ltr'><strong>διὰ</strong></span> <span class='ocrx_word' id='word_1_199' title='bbox 1189 2532 1390 2616; x_wconf 75' lang='grc' dir='ltr'><strong><em>παραβολῶν</em></strong></span> 
     </span>
    </p>
   </div>
   <div class='ocr_carea' id='block_1_4' title="bbox 279 2817 1391 4246">
    <p class='ocr_par' dir='ltr' id='par_1_6' title="bbox 279 2817 1391 4246">
     <span class='ocr_line' id='line_1_24' title="bbox 286 2817 1388 2887; baseline -0.002 -14"><span class='ocrx_word' id='word_1_200' title='bbox 286 2828 344 2884; x_wconf 83' lang='lat' dir='ltr'><strong>tur,</strong></span> <span class='ocrx_word' id='word_1_201' title='bbox 362 2833 451 2886; x_wconf 89' lang='lat' dir='ltr'><strong>neque</strong></span> <span class='ocrx_word' id='word_1_202' title='bbox 471 2817 612 2886; x_wconf 82' lang='lat' dir='ltr'><strong>quidquam</strong></span> <span class='ocrx_word' id='word_1_203' title='bbox 630 2817 755 2869; x_wconf 84' lang='lat' dir='ltr'><strong>iniustius</strong></span> <span class='ocrx_word' id='word_1_204' title='bbox 775 2825 832 2870; x_wconf 91' lang='lat' dir='ltr'><strong>erat</strong></span> <span class='ocrx_word' id='word_1_205' title='bbox 843 2834 922 2887; x_wconf 85' lang='lat' dir='ltr'><strong>quam</strong></span> <span class='ocrx_word' id='word_1_206' title='bbox 939 2819 973 2870; x_wconf 91' lang='lat' dir='ltr'><strong>de</strong></span> <span class='ocrx_word' id='word_1_207' title='bbox 992 2834 1024 2870; x_wconf 94' lang='lat' dir='ltr'><strong>eo</strong></span> <span class='ocrx_word' id='word_1_208' title='bbox 1044 2819 1089 2887; x_wconf 90' lang='lat' dir='ltr'><strong>qui</strong></span> <span class='ocrx_word' id='word_1_209' title='bbox 1106 2819 1140 2870; x_wconf 95' lang='lat' dir='ltr'><strong>de</strong></span> <span class='ocrx_word' id='word_1_210' title='bbox 1151 2825 1244 2871; x_wconf 85' lang='lat' dir='ltr'><strong>nostra</strong></span> <span class='ocrx_word' id='word_1_211' title='bbox 1261 2819 1388 2871; x_wconf 86' lang='lat' dir='ltr'><strong>doctrina</strong></span> 
     </span>
     <span class='ocr_line' id='line_1_25' title="bbox 287 2889 1387 2959; baseline -0.003 -17"><span class='ocrx_word' id='word_1_212' title='bbox 287 2890 446 2959; x_wconf 78' lang='lat' dir='ltr'>loquebatur</span> <span class='ocrx_word' id='word_1_213' title='bbox 464 2891 487 2941; x_wconf 89' lang='lat' dir='ltr'><strong>si</strong></span> <span class='ocrx_word' id='word_1_214' title='bbox 506 2903 603 2940; x_wconf 84' lang='lat' dir='ltr'><strong>revera</strong></span> <span class='ocrx_word' id='word_1_215' title='bbox 621 2890 674 2941; x_wconf 87' lang='lat' dir='ltr'><strong>viri</strong></span> <span class='ocrx_word' id='word_1_216' title='bbox 694 2889 765 2940; x_wconf 90' lang='lat' dir='ltr'><strong>docti</strong></span> <span class='ocrx_word' id='word_1_217' title='bbox 780 2889 921 2956; x_wconf 88' lang='lat' dir='ltr'><strong>plurimum</strong></span> <span class='ocrx_word' id='word_1_218' title='bbox 941 2890 1068 2943; x_wconf 86' lang='lat' dir='ltr'><strong>valebant</strong></span> <span class='ocrx_word' id='word_1_219' title='bbox 1085 2906 1241 2958; x_wconf 88' lang='lat' dir='ltr'><strong>quamquam</strong></span> <span class='ocrx_word' id='word_1_220' title='bbox 1260 2904 1316 2940; x_wconf 91' lang='lat' dir='ltr'><strong>non</strong></span> <span class='ocrx_word' id='word_1_221' title='bbox 1335 2906 1387 2941; x_wconf 87' lang='lat' dir='ltr'><strong>ea.</strong></span> 
     </span>
     <span class='ocr_line' id='line_1_26' title="bbox 279 2960 1388 3030; baseline -0.001 -14"><span class='ocrx_word' id='word_1_222' title='bbox 279 2963 344 3017; x_wconf 79' lang='lat' dir='ltr'><strong>doru</strong></span> <span class='ocrx_word' id='word_1_223' title='bbox 364 2961 475 3020; x_wconf 73' lang='lat' dir='ltr'><strong>facultas</strong></span> <span class='ocrx_word' id='word_1_224' title='bbox 494 2961 592 3014; x_wconf 91' lang='lat' dir='ltr'><strong>ceteris</strong></span> <span class='ocrx_word' id='word_1_225' title='bbox 612 2960 732 3017; x_wconf 85' lang='lat' dir='ltr'><strong>omnibus</strong></span> <span class='ocrx_word' id='word_1_226' title='bbox 754 2961 842 3015; x_wconf 86' lang='lat' dir='ltr'><strong>inerat</strong></span> <span class='ocrx_word' id='word_1_227' title='bbox 859 2963 905 3029; x_wconf 92' lang='lat' dir='ltr'><strong>qui</strong></span> <span class='ocrx_word' id='word_1_228' title='bbox 922 2960 1061 3017; x_wconf 81' lang='lat' dir='ltr'><strong>nobiscum</strong></span> <span class='ocrx_word' id='word_1_229' title='bbox 1088 2963 1190 3016; x_wconf 83' lang='lat' dir='ltr'><strong>iaciunt</strong></span> <span class='ocrx_word' id='word_1_230' title='bbox 1218 2962 1388 3030; x_wconf 86' lang='lat' dir='ltr'><strong>eandemque</strong></span> 
     </span>
     <span class='ocr_line' id='line_1_27' title="bbox 285 3033 1387 3102; baseline -0.005 -14"><span class='ocrx_word' id='word_1_231' title='bbox 285 3035 432 3091; x_wconf 80' lang='lat' dir='ltr'><strong>doctrinam</strong></span> <span class='ocrx_word' id='word_1_232' title='bbox 451 3033 559 3096; x_wconf 79' lang='lat' dir='ltr'><strong>habent,</strong></span> <span class='ocrx_word' id='word_1_233' title='bbox 579 3048 709 3102; x_wconf 74' lang='lat' dir='ltr'><strong>quaerere</strong></span> <span class='ocrx_word' id='word_1_234' title='bbox 727 3047 789 3084; x_wconf 88' lang='lat' dir='ltr'><strong>num</strong></span> <span class='ocrx_word' id='word_1_235' title='bbox 810 3049 825 3083; x_wconf 89' lang='lat' dir='ltr'><strong>e</strong></span> <span class='ocrx_word' id='word_1_236' title='bbox 849 3048 959 3089; x_wconf 89' lang='lat' dir='ltr'><strong>numero</strong></span> <span class='ocrx_word' id='word_1_237' title='bbox 985 3041 1103 3087; x_wconf 90' lang='lat' dir='ltr'><strong>sutorum</strong></span> <span class='ocrx_word' id='word_1_238' title='bbox 1122 3042 1168 3087; x_wconf 89' lang='lat' dir='ltr'><strong>aut</strong></span> <span class='ocrx_word' id='word_1_239' title='bbox 1186 3033 1318 3086; x_wconf 81' lang='lat' dir='ltr'><strong>fossorum</strong></span> <span class='ocrx_word' id='word_1_240' title='bbox 1339 3042 1387 3084; x_wconf 89' lang='lat' dir='ltr'><strong>aut</strong></span> 
     </span>
     <span class='ocr_line' id='line_1_28' title="bbox 285 3103 1389 3172; baseline -0.005 -13"><span class='ocrx_word' id='word_1_241' title='bbox 285 3107 462 3172; x_wconf 84' lang='lat' dir='ltr'><strong>sophistarum</strong></span> <span class='ocrx_word' id='word_1_242' title='bbox 485 3113 565 3158; x_wconf 81' lang='lat' dir='ltr'><strong>esset.</strong></span> <span class='ocrx_word' id='word_1_243' title='bbox 609 3104 704 3158; x_wconf 88' lang='lat' dir='ltr'><strong>deinde</strong></span> <span class='ocrx_word' id='word_1_244' title='bbox 731 3112 820 3158; x_wconf 87' lang='lat' dir='ltr'><strong>autom</strong></span> <span class='ocrx_word' id='word_1_245' title='bbox 849 3105 936 3156; x_wconf 90' lang='lat' dir='ltr'><strong>lateor</strong></span> <span class='ocrx_word' id='word_1_246' title='bbox 961 3105 983 3155; x_wconf 91' lang='lat' dir='ltr'><strong>si</strong></span> <span class='ocrx_word' id='word_1_247' title='bbox 1008 3103 1181 3162; x_wconf 87' lang='lat' dir='ltr'><strong>nullomodo</strong></span> <span class='ocrx_word' id='word_1_248' title='bbox 1210 3104 1339 3157; x_wconf 76' lang='lat' dir='ltr'><strong>evitabile</strong></span> <span class='ocrx_word' id='word_1_249' title='bbox 1359 3112 1389 3155; x_wconf 91' lang='lat' dir='ltr'><strong>et</strong></span> 
     </span>
     <span class='ocr_line' id='line_1_29' title="bbox 285 3175 1388 3245; baseline -0.002 -17"><span class='ocrx_word' id='word_1_250' title='bbox 285 3193 393 3245; x_wconf 76' lang='lat' dir='ltr'><strong>prorsus</strong></span> <span class='ocrx_word' id='word_1_251' title='bbox 412 3177 591 3228; x_wconf 89' lang='lat' dir='ltr'><strong>necessarium</strong></span> <span class='ocrx_word' id='word_1_252' title='bbox 603 3176 708 3240; x_wconf 83' lang='lat' dir='ltr'><strong>luisset,</strong></span> <span class='ocrx_word' id='word_1_253' title='bbox 726 3191 769 3227; x_wconf 87' lang='lat' dir='ltr'><strong>me</strong></span> <span class='ocrx_word' id='word_1_254' title='bbox 787 3191 954 3243; x_wconf 88' lang='lat' dir='ltr'><strong>nequaquam</strong></span> <span class='ocrx_word' id='word_1_255' title='bbox 971 3175 1010 3228; x_wconf 89' lang='lat' dir='ltr'><strong>ibi</strong></span> <span class='ocrx_word' id='word_1_256' title='bbox 1021 3177 1178 3228; x_wconf 87' lang='lat' dir='ltr'><strong>omissurum</strong></span> <span class='ocrx_word' id='word_1_257' title='bbox 1198 3175 1282 3226; x_wconf 84' lang='lat' dir='ltr'><strong>fuisse</strong></span> <span class='ocrx_word' id='word_1_258' title='bbox 1301 3175 1388 3226; x_wconf 84' lang='lat' dir='ltr'><strong>verba</strong></span> 
     </span>
     <span class='ocr_line' id='line_1_30' title="bbox 285 3245 1388 3315; baseline -0.004 -13"><span class='ocrx_word' id='word_1_259' title='bbox 285 3251 393 3311; x_wconf 85' lang='lat' dir='ltr'><strong>lacere,</strong></span> <span class='ocrx_word' id='word_1_260' title='bbox 421 3262 453 3298; x_wconf 93' lang='lat' dir='ltr'><strong>eo</strong></span> <span class='ocrx_word' id='word_1_261' title='bbox 480 3255 509 3298; x_wconf 88' lang='lat' dir='ltr'><strong>ut</strong></span> <span class='ocrx_word' id='word_1_262' title='bbox 537 3263 662 3298; x_wconf 77' lang='lat' dir='ltr'><strong>caverem</strong></span> <span class='ocrx_word' id='word_1_263' title='bbox 690 3247 756 3297; x_wconf 90' lang='lat' dir='ltr'><strong>mihi</strong></span> <span class='ocrx_word' id='word_1_264' title='bbox 781 3262 816 3298; x_wconf 91' lang='lat' dir='ltr'><strong>ne</strong></span> <span class='ocrx_word' id='word_1_265' title='bbox 837 3247 959 3302; x_wconf 82' lang='lat' dir='ltr'><strong>ludibriis</strong></span> <span class='ocrx_word' id='word_1_266' title='bbox 983 3245 1049 3298; x_wconf 92' lang='lat' dir='ltr'><strong>mihi</strong></span> <span class='ocrx_word' id='word_1_267' title='bbox 1077 3248 1259 3299; x_wconf 76' lang='lat' dir='ltr'><strong>obtrectarent</strong></span> <span class='ocrx_word' id='word_1_268' title='bbox 1277 3261 1388 3315; x_wconf 88' lang='lat' dir='ltr'><strong>unaque</strong></span> 
     </span>
     <span class='ocr_line' id='line_1_31' title="bbox 285 3317 1388 3386; baseline -0.005 -15"><span class='ocrx_word' id='word_1_269' title='bbox 285 3319 347 3371; x_wconf 88' lang='lat' dir='ltr'><strong>aliis</strong></span> <span class='ocrx_word' id='word_1_270' title='bbox 366 3319 411 3386; x_wconf 88' lang='lat' dir='ltr'><strong>qni</strong></span> <span class='ocrx_word' id='word_1_271' title='bbox 429 3318 529 3372; x_wconf 87' lang='lat' dir='ltr'><strong>indocti</strong></span> <span class='ocrx_word' id='word_1_272' title='bbox 548 3326 661 3369; x_wconf 88' lang='lat' dir='ltr'><strong>suntne</strong></span> <span class='ocrx_word' id='word_1_273' title='bbox 679 3318 760 3369; x_wconf 86' lang='lat' dir='ltr'><strong>facile</strong></span> <span class='ocrx_word' id='word_1_274' title='bbox 777 3334 793 3368; x_wconf 92' lang='lat' dir='ltr'><strong>a</strong></span> <span class='ocrx_word' id='word_1_275' title='bbox 811 3317 934 3370; x_wconf 79' lang='lat' dir='ltr'><strong>scelestis</strong></span> <span class='ocrx_word' id='word_1_276' title='bbox 959 3320 1103 3385; x_wconf 87' lang='lat' dir='ltr'><strong>impictatis</strong></span> <span class='ocrx_word' id='word_1_277' title='bbox 1121 3318 1287 3386; x_wconf 83' lang='lat' dir='ltr'><strong>praesidibus</strong></span> <span class='ocrx_word' id='word_1_278' title='bbox 1306 3317 1388 3368; x_wconf 89' lang='lat' dir='ltr'><strong>deci.</strong></span> 
     </span>
     <span class='ocr_line' id='line_1_32' title="bbox 286 3390 1388 3457; baseline -0.004 -16"><span class='ocrx_word' id='word_1_279' title='bbox 286 3397 422 3457; x_wconf 85' lang='lat' dir='ltr'><strong>parentur.</strong></span> <span class='ocrx_word' id='word_1_280' title='bbox 458 3404 529 3440; x_wconf 88' lang='lat' dir='ltr'><strong>nunc</strong></span> <span class='ocrx_word' id='word_1_281' title='bbox 548 3404 614 3439; x_wconf 85' lang='lat' dir='ltr'><strong>vero</strong></span> <span class='ocrx_word' id='word_1_282' title='bbox 638 3405 715 3456; x_wconf 89' lang='lat' dir='ltr'><strong>quum</strong></span> <span class='ocrx_word' id='word_1_283' title='bbox 746 3405 840 3442; x_wconf 88' lang='lat' dir='ltr'><strong>vanam</strong></span> <span class='ocrx_word' id='word_1_284' title='bbox 860 3405 952 3442; x_wconf 89' lang='lat' dir='ltr'><strong>eorum</strong></span> <span class='ocrx_word' id='word_1_285' title='bbox 980 3390 1232 3442; x_wconf 85' lang='lat' dir='ltr'><strong>demonstrationem</strong></span> <span class='ocrx_word' id='word_1_286' title='bbox 1253 3405 1312 3440; x_wconf 87' lang='lat' dir='ltr'><strong>esso</strong></span> <span class='ocrx_word' id='word_1_287' title='bbox 1331 3403 1388 3440; x_wconf 89' lang='lat' dir='ltr'><strong>no.</strong></span> 
     </span>
     <span class='ocr_line' id='line_1_33' title="bbox 285 3459 1388 3521; baseline -0.005 -6"><span class='ocrx_word' id='word_1_288' title='bbox 285 3462 325 3515; x_wconf 89' lang='lat' dir='ltr'><strong>bis</strong></span> <span class='ocrx_word' id='word_1_289' title='bbox 345 3460 408 3513; x_wconf 87' lang='lat' dir='ltr'><strong>satis</strong></span> <span class='ocrx_word' id='word_1_290' title='bbox 429 3459 534 3512; x_wconf 88' lang='lat' dir='ltr'><strong>eluceat</strong></span> <span class='ocrx_word' id='word_1_291' title='bbox 551 3466 579 3510; x_wconf 89' lang='lat' dir='ltr'><strong>&#39;ct</strong></span> <span class='ocrx_word' id='word_1_292' title='bbox 603 3461 700 3513; x_wconf 78' lang='lat' dir='ltr'><strong>frustra</strong></span> <span class='ocrx_word' id='word_1_293' title='bbox 728 3476 775 3513; x_wconf 90' lang='lat' dir='ltr'><strong>eos</strong></span> <span class='ocrx_word' id='word_1_294' title='bbox 795 3470 821 3521; x_wconf 86' lang='lat' dir='ltr'><strong>et</strong></span> <span class='ocrx_word' id='word_1_295' title='bbox 845 3463 904 3514; x_wconf 90' lang='lat' dir='ltr'><strong>sine</strong></span> <span class='ocrx_word' id='word_1_296' title='bbox 924 3469 1023 3512; x_wconf 86' lang='lat' dir='ltr'><strong>evento</strong></span> <span class='ocrx_word' id='word_1_297' title='bbox 1048 3461 1256 3513; x_wconf 88' lang='lat' dir='ltr'><strong>concertationis</strong></span> <span class='ocrx_word' id='word_1_298' title='bbox 1274 3459 1388 3512; x_wconf 90' lang='lat' dir='ltr'><strong>mnltnrn</strong></span> 
     </span>
     <span class='ocr_line' id='line_1_34' title="bbox 285 3531 1388 3601; baseline -0.003 -16"><span class='ocrx_word' id='word_1_299' title='bbox 285 3533 369 3585; x_wconf 91' lang='lat' dir='ltr'><strong>lutum</strong></span> <span class='ocrx_word' id='word_1_300' title='bbox 389 3533 538 3586; x_wconf 82' lang='lat' dir='ltr'><strong>concitasse</strong></span> <span class='ocrx_word' id='word_1_301' title='bbox 558 3538 695 3583; x_wconf 89' lang='lat' dir='ltr'><strong>tacerent</strong></span> <span class='ocrx_word' id='word_1_302' title='bbox 714 3531 769 3584; x_wconf 80' lang='lat' dir='ltr'><strong>dixi</strong></span> <span class='ocrx_word' id='word_1_303' title='bbox 787 3533 917 3584; x_wconf 89' lang='lat' dir='ltr'><strong>malebam</strong></span> <span class='ocrx_word' id='word_1_304' title='bbox 932 3548 1007 3601; x_wconf 90' lang='lat' dir='ltr'><strong>qnam</strong></span> <span class='ocrx_word' id='word_1_305' title='bbox 1027 3533 1127 3597; x_wconf 88' lang='lat' dir='ltr'><strong>dicere,</strong></span> <span class='ocrx_word' id='word_1_306' title='bbox 1146 3547 1197 3583; x_wconf 90' lang='lat' dir='ltr'><strong>nec</strong></span> <span class='ocrx_word' id='word_1_307' title='bbox 1215 3547 1281 3584; x_wconf 82' lang='lat' dir='ltr'><strong>vcro</strong></span> <span class='ocrx_word' id='word_1_308' title='bbox 1301 3548 1334 3582; x_wconf 87' lang='lat' dir='ltr'><strong>ea</strong></span> <span class='ocrx_word' id='word_1_309' title='bbox 1352 3532 1388 3582; x_wconf 91' lang='lat' dir='ltr'><strong>de</strong></span> 
     </span>
     <span class='ocr_line' id='line_1_35' title="bbox 286 3603 1388 3672; baseline -0.005 -14"><span class='ocrx_word' id='word_1_310' title='bbox 286 3621 366 3658; x_wconf 90' lang='lat' dir='ltr'><strong>causa</strong></span> <span class='ocrx_word' id='word_1_311' title='bbox 384 3620 416 3656; x_wconf 84' lang='lat' dir='ltr'><strong>nc</strong></span> <span class='ocrx_word' id='word_1_312' title='bbox 436 3606 458 3657; x_wconf 88' lang='lat' dir='ltr'><strong>si</strong></span> <span class='ocrx_word' id='word_1_313' title='bbox 480 3604 570 3655; x_wconf 87' lang='lat' dir='ltr'><strong>dicere</strong></span> <span class='ocrx_word' id='word_1_314' title='bbox 592 3604 698 3654; x_wconf 88' lang='lat' dir='ltr'><strong>omnino</strong></span> <span class='ocrx_word' id='word_1_315' title='bbox 720 3618 768 3669; x_wconf 88' lang='lat' dir='ltr'><strong>per</strong></span> <span class='ocrx_word' id='word_1_316' title='bbox 787 3604 925 3656; x_wconf 88' lang='lat' dir='ltr'><strong>seinutile</strong></span> <span class='ocrx_word' id='word_1_317' title='bbox 945 3605 1074 3655; x_wconf 91' lang='lat' dir='ltr'><strong>essetsed</strong></span> <span class='ocrx_word' id='word_1_318' title='bbox 1095 3606 1157 3672; x_wconf 88' lang='lat' dir='ltr'><strong>quia</strong></span> <span class='ocrx_word' id='word_1_319' title='bbox 1175 3603 1252 3655; x_wconf 89' lang='lat' dir='ltr'><strong>nobis</strong></span> <span class='ocrx_word' id='word_1_320' title='bbox 1270 3605 1333 3669; x_wconf 89' lang='lat' dir='ltr'><strong>ipso</strong></span> <span class='ocrx_word' id='word_1_321' title='bbox 1353 3617 1388 3653; x_wconf 90' lang='lat' dir='ltr'><strong>eo</strong></span> 
     </span>
     <span class='ocr_line' id='line_1_36' title="bbox 285 3673 1389 3744; baseline -0.004 -15"><span class='ocrx_word' id='word_1_322' title='bbox 285 3686 405 3744; x_wconf 87' lang='lat' dir='ltr'><strong>tempore</strong></span> <span class='ocrx_word' id='word_1_323' title='bbox 430 3675 526 3728; x_wconf 87' lang='lat' dir='ltr'><strong>inutile</strong></span> <span class='ocrx_word' id='word_1_324' title='bbox 558 3673 616 3727; x_wconf 88' lang='lat' dir='ltr'><strong>lore</strong></span> <span class='ocrx_word' id='word_1_325' title='bbox 636 3673 785 3726; x_wconf 83' lang='lat' dir='ltr'><strong>videbatur.</strong></span> <span class='ocrx_word' id='word_1_326' title='bbox 843 3675 914 3743; x_wconf 89' lang='lat' dir='ltr'><strong>quod</strong></span> <span class='ocrx_word' id='word_1_327' title='bbox 938 3677 1143 3742; x_wconf 90' lang='lat' dir='ltr'><strong>inopportunum</strong></span> <span class='ocrx_word' id='word_1_328' title='bbox 1177 3690 1238 3727; x_wconf 89' lang='lat' dir='ltr'><strong>esse</strong></span> <span class='ocrx_word' id='word_1_329' title='bbox 1265 3682 1290 3726; x_wconf 90' lang='lat' dir='ltr'><strong>et</strong></span> <span class='ocrx_word' id='word_1_330' title='bbox 1308 3673 1389 3726; x_wconf 88' lang='lat' dir='ltr'><strong>nobis</strong></span> 
     </span>
     <span class='ocr_line' id='line_1_37' title="bbox 285 3745 1389 3816; baseline -0.004 -16"><span class='ocrx_word' id='word_1_331' title='bbox 285 3757 409 3816; x_wconf 90' lang='lat' dir='ltr'><strong>tanquam</strong></span> <span class='ocrx_word' id='word_1_332' title='bbox 428 3749 526 3816; x_wconf 92' lang='lat' dir='ltr'><strong>probro</strong></span> <span class='ocrx_word' id='word_1_333' title='bbox 547 3748 605 3800; x_wconf 89' lang='lat' dir='ltr'><strong>lore</strong></span> <span class='ocrx_word' id='word_1_334' title='bbox 624 3748 709 3812; x_wconf 88' lang='lat' dir='ltr'><strong>ipsum</strong></span> <span class='ocrx_word' id='word_1_335' title='bbox 734 3745 801 3797; x_wconf 88' lang='lat' dir='ltr'><strong>illud</strong></span> <span class='ocrx_word' id='word_1_336' title='bbox 830 3755 933 3814; x_wconf 90' lang='lat' dir='ltr'><strong>tempus</strong></span> <span class='ocrx_word' id='word_1_337' title='bbox 963 3749 1027 3798; x_wconf 88' lang='lat' dir='ltr'><strong>satis</strong></span> <span class='ocrx_word' id='word_1_338' title='bbox 1051 3747 1184 3799; x_wconf 84' lang='lat' dir='ltr'><strong>monebat.</strong></span> <span class='ocrx_word' id='word_1_339' title='bbox 1228 3747 1262 3798; x_wconf 89' lang='lat' dir='ltr'><strong>de</strong></span> <span class='ocrx_word' id='word_1_340' title='bbox 1289 3746 1389 3813; x_wconf 84' lang='lat' dir='ltr'><strong>quibos</strong></span> 
     </span>
     <span class='ocr_line' id='line_1_38' title="bbox 287 3818 1388 3888; baseline -0.006 -15"><span class='ocrx_word' id='word_1_341' title='bbox 287 3821 356 3873; x_wconf 84' lang='lat' dir='ltr'><strong>enim</strong></span> <span class='ocrx_word' id='word_1_342' title='bbox 372 3821 555 3886; x_wconf 88' lang='lat' dir='ltr'><strong>quaestionem</strong></span> <span class='ocrx_word' id='word_1_343' title='bbox 574 3825 728 3888; x_wconf 88' lang='lat' dir='ltr'><strong>proponunt</strong></span> <span class='ocrx_word' id='word_1_344' title='bbox 742 3832 796 3867; x_wconf 90' lang='lat' dir='ltr'><strong>non</strong></span> <span class='ocrx_word' id='word_1_345' title='bbox 818 3819 1006 3882; x_wconf 85' lang='lat' dir='ltr'><strong>necessariam,</strong></span> <span class='ocrx_word' id='word_1_346' title='bbox 1026 3818 1093 3872; x_wconf 85' lang='lat' dir='ltr'><strong>haec</strong></span> <span class='ocrx_word' id='word_1_347' title='bbox 1112 3819 1315 3883; x_wconf 84' lang='lat' dir='ltr'><strong>responsionem</strong></span> <span class='ocrx_word' id='word_1_348' title='bbox 1335 3831 1388 3867; x_wconf 87' lang='lat' dir='ltr'><strong>ne.</strong></span> 
     </span>
     <span class='ocr_line' id='line_1_39' title="bbox 286 3887 1388 3960; baseline -0.005 -17"><span class='ocrx_word' id='word_1_349' title='bbox 286 3893 428 3943; x_wconf 84' lang='lat' dir='ltr'><strong>cessariam</strong></span> <span class='ocrx_word' id='word_1_350' title='bbox 446 3906 500 3942; x_wconf 91' lang='lat' dir='ltr'><strong>non</strong></span> <span class='ocrx_word' id='word_1_351' title='bbox 526 3891 671 3958; x_wconf 87' lang='lat' dir='ltr'><strong>postulant.</strong></span> <span class='ocrx_word' id='word_1_352' title='bbox 719 3888 798 3940; x_wconf 91' lang='lat' dir='ltr'><strong>audio</strong></span> <span class='ocrx_word' id='word_1_353' title='bbox 825 3892 893 3948; x_wconf 85' lang='lat' dir='ltr'><strong>enim</strong></span> <span class='ocrx_word' id='word_1_354' title='bbox 921 3905 1044 3960; x_wconf 82' lang='lat' dir='ltr'><strong>magnum</strong></span> <span class='ocrx_word' id='word_1_355' title='bbox 1072 3889 1201 3943; x_wconf 83' lang='lat' dir='ltr'><strong>Basiliam</strong></span> <span class='ocrx_word' id='word_1_356' title='bbox 1229 3889 1336 3956; x_wconf 87' lang='lat' dir='ltr'><strong>quando</strong></span> <span class='ocrx_word' id='word_1_357' title='bbox 1354 3887 1388 3938; x_wconf 90' lang='lat' dir='ltr'><strong>ab</strong></span> 
     </span>
     <span class='ocr_line' id='line_1_40' title="bbox 285 3959 1389 4028; baseline -0.005 -12"><span class='ocrx_word' id='word_1_358' title='bbox 285 3963 391 4016; x_wconf 82' lang='lat' dir='ltr'><strong>Arianis</strong></span> <span class='ocrx_word' id='word_1_359' title='bbox 411 3961 591 4028; x_wconf 87' lang='lat' dir='ltr'><strong>postularetur</strong></span> <span class='ocrx_word' id='word_1_360' title='bbox 619 3970 648 4013; x_wconf 89' lang='lat' dir='ltr'><strong>nt</strong></span> <span class='ocrx_word' id='word_1_361' title='bbox 677 3961 839 4012; x_wconf 90' lang='lat' dir='ltr'><strong>enuntiatum</strong></span> <span class='ocrx_word' id='word_1_362' title='bbox 869 3963 950 4013; x_wconf 79' lang='lat' dir='ltr'><strong>“deus</strong></span> <span class='ocrx_word' id='word_1_363' title='bbox 976 3963 1077 4013; x_wconf 88' lang='lat' dir='ltr'><strong>creavit</strong></span> <span class='ocrx_word' id='word_1_364' title='bbox 1101 3962 1161 4012; x_wconf 88' lang='lat' dir='ltr'><strong>me&#39;’</strong></span> <span class='ocrx_word' id='word_1_365' title='bbox 1188 3960 1338 4028; x_wconf 81' lang='lat' dir='ltr'><strong>explicaret</strong></span> <span class='ocrx_word' id='word_1_366' title='bbox 1361 3959 1389 4010; x_wconf 91' lang='lat' dir='ltr'><strong>id</strong></span> 
     </span>
     <span class='ocr_line' id='line_1_41' title="bbox 285 4029 1390 4100; baseline -0.005 -13"><span class='ocrx_word' id='word_1_367' title='bbox 285 4034 441 4100; x_wconf 86' lang='lat' dir='ltr'><strong>repudiasse</strong></span> <span class='ocrx_word' id='word_1_368' title='bbox 462 4041 489 4083; x_wconf 92' lang='lat' dir='ltr'><strong>et</strong></span> <span class='ocrx_word' id='word_1_369' title='bbox 506 4033 609 4085; x_wconf 90' lang='lat' dir='ltr'><strong>silentii</strong></span> <span class='ocrx_word' id='word_1_370' title='bbox 629 4048 733 4084; x_wconf 89' lang='lat' dir='ltr'><strong>causam</strong></span> <span class='ocrx_word' id='word_1_371' title='bbox 754 4047 811 4082; x_wconf 89' lang='lat' dir='ltr'><strong>eam</strong></span> <span class='ocrx_word' id='word_1_372' title='bbox 836 4034 987 4100; x_wconf 81' lang='lat' dir='ltr'><strong>professum</strong></span> <span class='ocrx_word' id='word_1_373' title='bbox 1008 4049 1081 4096; x_wconf 88' lang='lat' dir='ltr'><strong>essa,</strong></span> <span class='ocrx_word' id='word_1_374' title='bbox 1101 4033 1171 4100; x_wconf 90' lang='lat' dir='ltr'><strong>qnod</strong></span> <span class='ocrx_word' id='word_1_375' title='bbox 1189 4031 1266 4084; x_wconf 89' lang='lat' dir='ltr'><strong>nulla</strong></span> <span class='ocrx_word' id='word_1_376' title='bbox 1284 4031 1336 4084; x_wconf 90' lang='lat' dir='ltr'><strong>sibi</strong></span> <span class='ocrx_word' id='word_1_377' title='bbox 1355 4029 1390 4082; x_wconf 86' lang='lat' dir='ltr'><strong>de</strong></span> 
     </span>
     <span class='ocr_line' id='line_1_42' title="bbox 287 4105 1390 4172; baseline -0.004 -15"><span class='ocrx_word' id='word_1_378' title='bbox 287 4107 415 4158; x_wconf 90' lang='lat' dir='ltr'><strong>eiusmodi</strong></span> <span class='ocrx_word' id='word_1_379' title='bbox 435 4105 569 4160; x_wconf 88' lang='lat' dir='ltr'><strong>sententia</strong></span> <span class='ocrx_word' id='word_1_380' title='bbox 588 4105 678 4157; x_wconf 89' lang='lat' dir='ltr'><strong>dicere</strong></span> <span class='ocrx_word' id='word_1_381' title='bbox 699 4111 772 4158; x_wconf 89' lang='lat' dir='ltr'><strong>esset</strong></span> <span class='ocrx_word' id='word_1_382' title='bbox 787 4108 946 4170; x_wconf 86' lang='lat' dir='ltr'><strong>necessitas,</strong></span> <span class='ocrx_word' id='word_1_383' title='bbox 965 4106 1122 4171; x_wconf 89' lang='lat' dir='ltr'><strong>praesertim</strong></span> <span class='ocrx_word' id='word_1_384' title='bbox 1142 4119 1221 4172; x_wconf 88' lang='lat' dir='ltr'><strong>quum</strong></span> <span class='ocrx_word' id='word_1_385' title='bbox 1241 4118 1290 4170; x_wconf 90' lang='lat' dir='ltr'><strong>per</strong></span> <span class='ocrx_word' id='word_1_386' title='bbox 1306 4115 1390 4169; x_wconf 79' lang='lat' dir='ltr'><strong>para-</strong></span> 
     </span>
     <span class='ocr_line' id='line_1_43' title="bbox 287 4175 1391 4246; baseline -0.004 -15"><span class='ocrx_word' id='word_1_387' title='bbox 287 4176 377 4231; x_wconf 76' lang='lat' dir='ltr'><strong>bolem</strong></span> <span class='ocrx_word' id='word_1_388' title='bbox 402 4185 429 4228; x_wconf 87' lang='lat' dir='ltr'><strong>et</strong></span> <span class='ocrx_word' id='word_1_389' title='bbox 447 4179 560 4230; x_wconf 87' lang='lat' dir='ltr'><strong>obscura</strong></span> <span class='ocrx_word' id='word_1_390' title='bbox 579 4177 662 4232; x_wconf 80' lang='lat' dir='ltr'><strong>verba</strong></span> <span class='ocrx_word' id='word_1_391' title='bbox 688 4185 715 4229; x_wconf 86' lang='lat' dir='ltr'><strong>ct</strong></span> <span class='ocrx_word' id='word_1_392' title='bbox 734 4179 884 4246; x_wconf 77' lang='lat' dir='ltr'><strong>aenigmata</strong></span> <span class='ocrx_word' id='word_1_393' title='bbox 903 4176 1006 4245; x_wconf 92' lang='lat' dir='ltr'><strong>prolata</strong></span> <span class='ocrx_word' id='word_1_394' title='bbox 1026 4184 1135 4241; x_wconf 87' lang='lat' dir='ltr'><strong>essent,</strong></span> <span class='ocrx_word' id='word_1_395' title='bbox 1162 4191 1198 4227; x_wconf 91' lang='lat' dir='ltr'><strong>ne</strong></span> <span class='ocrx_word' id='word_1_396' title='bbox 1219 4175 1267 4244; x_wconf 87' lang='lat' dir='ltr'><strong>qui.</strong></span> <span class='ocrx_word' id='word_1_397' title='bbox 1283 4175 1391 4227; x_wconf 87' lang='lat' dir='ltr'><strong>audiret</strong></span> 
     </span>
    </p>
   </div>
   <div class='ocr_carea' id='block_1_5' title="bbox 0 0 1515 4759">
    <p class='ocr_par' dir='ltr' id='par_1_7' title="bbox 0 0 1515 4759">
     <span class='ocr_line' id='line_1_44' title="bbox 0 0 1515 4759; baseline 0 0"><span class='ocrx_word' id='word_1_398' title='bbox 0 0 1515 4759; x_wconf 95' lang='lat' dir='ltr'><strong> </strong></span> 
     </span>
    </p>
   </div>
  </div>
 </body>
</html>
