3017 4759
302 217 378 296 tut
606 219 830 313 naumann
862 227 1091 295 cumcuma

302 387 361 466 τάς
382 389 526 470 άτάμοος
546 391 601 455 καί
612 388 708 477 φάσει
725 393 876 474 δευτέρας
893 393 1006 468 ον’σιάς
1021 390 1168 456 κάτωθεν
1181 390 1415 474 α’νιχνεάοντες

301 495 438 576 λέγομεν,
461 496 540 578 φέρε
560 495 660 558 εἰπεῖν
680 496 778 558 ἐκεῖνο
799 491 838 578 δη
867 492 901 558 τὸ
929 493 1027 580 ῥηθὲν
1049 477 1111 578 άφθ
1124 493 1264 576 Ὁμήρου
1285 487 1413 575 “yupo'g

301 594 336 658 r't
357 585 484 673 ὅμοιοι,
505 593 730 675 μελανόχροος,
753 594 995 678 οάλοκάρηνσς,”
1022 594 1078 658 καί
1100 591 1134 659 εἴ
1150 597 1181 683 τί
1195 593 1265 656 Ιποτε
1288 595 1413 658 τοιονδί

300 701 370 768 ταῖς
391 695 466 758 καθ’
487 696 603 760 ἕκαστα
625 697 680 758 καί
708 705 856 776 μιρικαϊς
875 699 1103 776 συμπέπτωκεν
1132 694 1275 768 σάσίαις·
1321 687 1409 757 attat

305 795 387 871 ζαῐον
407 789 495 860 εἶναί
516 817 621 879 φαμεν
641 796 766 879 λογικὸν
786 796 916 881 θνητόν,
939 799 997 860 νοῦ
1020 799 1075 860 καί
1100 790 1273 880 ἐπιστήμης
1298 797 1439 864 ‹ient-5
1494 843 1495 850 ι

301 893 376 978 κάν,
414 898 449 961 ἐκ
469 901 532 960 τῶν
561 891 685 963 άνωθεν
712 900 769 962 καί
797 897 896 984 φύσει
925 895 1060 980 πράταιν
1094 899 1261 980 δηλοῦντες
1292 896 1410 981 αὐτόν,

300 994 372 1062 ἐκεί
398 995 481 1082 μῆάε
510 1004 616 1085 φαμὲν
645 993 819 1085 άνθροοπον
846 994 926 1066 εἶναι
963 997 1016 1066 tsi
1042 997 1075 1064 τὸ
1110 996 1197 1082 ἔχειν
1224 997 1284 1082 ὑφ’
1306 995 1412 1062 αὑτὸν

301 1097 465 1163 Πλάτωνα
487 1100 542 1164 καί
560 1101 731 1186 Σωκράτην
751 1106 809 1166 καί
829 1099 886 1177 τάς
909 1100 1075 1183 τοιαύτας,
1098 1098 1140 1173 ὥς
1164 1095 1303 1184 ἔφημεν,
1325 1096 1412 1162 α’τά-

299 1219 381 1277 μονς
402 1198 512 1275 οάσίας
539 1199 593 1265 καί
616 1200 759 1285 άμερεΐς,
781 1201 852 1266 άλλ’
873 1196 919 1267 ὅτι
934 1198 996 1265 ,διά
1019 1205 1075 1266 τοῦ
1103 1203 1293 1284 pisaurensi
1318 1198 1410 1280 ζιάον

301 1302 356 1363 καί
384 1303 445 1365 τῶν
479 1304 653 1388 εἰρημένων
686 1295 887 1369 ον’στατικιάν
916 1305 1082 1388 διαφορῶν
1112 1303 1320 1367 attenuarem
1354 1305 1413 1366 καί
1423 1315 1453 1369 10

233 1410 288 1463 ΙΙ
301 1403 531 1489 περιγράφεται
570 1408 624 1470 καί
650 1408 696 1482 τίς
731 1403 912 1489 ὥρισμίνην
939 1409 1131 1470 καθίσταται
1160 1400 1270 1489 φάσιν.
1321 1397 1340 1464 ὃ
1374 1407 1411 1468 δὲ

192 1528 196 1535 “
302 1507 467 1582 Παλαμάς
488 1504 521 1586 ἐξ
543 1506 687 1582 άμαθιάς
705 1509 831 1592 μακράς
852 1499 918 1571 άνοι
941 1509 1114 1587 ποταμῶν,
1145 1507 1180 1569 τὸ
1203 1509 1258 1591 τῆς
1281 1527 1410 1590 παροι-

300 1604 388 1684 μίας,
411 1614 529 1690 χωρεῖν
561 1604 630 1683 τάς,
650 1606 752 1690 πηγάς
774 1606 968 1690 άναγκάζει,
990 1613 1089 1691 λέγων
1112 1608 1155 1684 σάς
1177 1609 1248 1673 ἐπεί
1266 1609 1328 1686 μιά
1354 1611 1417 1672 καί·

170 1700 422 1787 ΜῚΙνεάμερὴς
447 1706 466 1788 ἡ
487 1710 547 1771 τοῦ
569 1712 650 1773 θεοῦ
670 1703 785 1789 οὐσία,
802 1705 857 1772 άιά
874 1709 965 1773 τοῦτο
989 1707 1150 1792 διαφορὰς
1173 1709 1232 1772 oria
1254 1707 1324 1791 ἔχει
1350 1709 1413 1772 οὗ.

279 1802 438 1880 ’στάθμη
486 1812 541 1872 καί
569 1808 633 1894 μην
653 1806 689 1874 τά
713 1807 979 1890 άαείσάνάεσμὸς
1008 1809 1076 1875 ἔστι
1099 1809 1411 1898 καιασκεοαστρκάς,
1423 1833 1452 1886 15

301 1908 357 1970 καί
376 1902 513 1991 ὕπαρξιν
535 1910 592 1974 καί
609 1912 696 1987 τάξιν
726 1907 971 1994 άκολουθησεως
1002 1910 1185 1993 αἰτιατικὴν
1210 1913 1326 1996 δηλῶν,
1350 1907 1412 1976 ἅτε

196 2033 199 2050 ·
300 2007 490 2086 συναπτικὸς
513 2004 796 2098 κάκ’ἓκατέρονθιν
829 2006 935 2098 ἄκρων
955 2012 1113 2094 άπάρχοον
1139 2013 1273 2094 κοίτην
1298 2015 1412 2080 αἰτίαν

300 2107 384 2194 ἔχων
405 2111 522 2182 αάτάν.
575 2111 679 2200 τοάτηι
713 2116 741 2177 δ’
762 2108 845 2177 οὕτω
868 2114 909 2176 δι’
931 2115 1076 2194 α’μαθίαν
1104 2111 1348 2176 άνατεθάλωται
1372 2111 1412 2178 τά

302 2215 456 2299 εἰρημένα
485 2209 528 2290 ὥς
551 2208 744 2297 Κάλχαντός
780 2232 863 2290 τινος
897 2216 1024 2302 δεῖσθαι
1055 2214 1198 2294 μάντεως
1219 2213 1410 2298 Ὁμηρικοῦ.

215 2403 219 2407 .
300 2315 372 2378 ἄλλ’
393 2315 464 2377 ott*
495 2320 614 2380 εκεῖνον
647 2309 739 2395 οἶμαι
763 2316 941 2400 ’δυνηθῆναι
970 2301 1009 2377 iit
1037 2317 1080 2404 spi
1115 2308 1324 2402 άνακολοάθρι
1353 2317 1452 2398 sirpo

299 2420 431 2490 θίοειος,
453 2416 484 2479 εἰ
509 2420 626 2498 παρῆν,
647 2416 707 2501 την
727 2413 820 2480 triow
841 2423 1038 2498 παρασχεῖν·
1093 2415 1160 2491 πῶς
1181 2410 1254 2500 γάρ,
1278 2409 1302 2478 ά
1326 2417 1410 2496 μηδ’

300 2513 400 2580 αάτὸν
433 2513 521 2580 λάειν
559 2511 651 2595 οἶμαι
680 2515 843 2580 άάνασθαι
877 2514 934 2580 τὸν
964 2517 997 2591 ἐξ
1024 2518 1109 2593 ἰδίας
1139 2512 1276 2599 γαστρὸς
1307 2516 1411 2596 ἐρεο-

299 2612 429 2700 γάμενσν
449 2611 487 2681 τά
510 2614 628 2681 τοιάδε.
683 2610 707 2680 ά
733 2616 793 2701 γάρ
829 2612 975 2682 straete
1007 2619 1087 2708 λίηην
1119 2622 1277 2702 τιθενται,
1300 2619 1409 2683 ταῦτα

300 2718 463 2802 δήπουθεν
482 2714 539 2781 καί
555 2716 638 2807 λόγῳ
659 2715 789 2784 κάονται
810 2719 932 2808 τοιῷδε,
955 2712 977 2784 ά
1000 2721 1035 2785 δὲ
1056 2719 1111 2805 μή,
1134 2721 1238 2785 ταῦτα
1257 2720 1294 2783 te
1313 2717 1375 2804 μη’.

299 2996 369 3069 qnod
386 2996 420 3050 ab
438 2994 555 3050 Homero
574 2992 672 3050 (lictum
692 3004 733 3050 est
760 3001 918 3051 “contortus
937 2996 1064 3052 humeros
1091 2995 1182 3052 luscus
1195 2995 1340 3066 densisque
1358 3016 1408 3052 ca.

298 3069 393 3142 pillis”
414 3077 441 3121 et
458 3068 554 3122 situle
574 3071 636 3137 quid
665 3070 699 3123 ad
725 3077 861 3137 separatas
887 3071 1014 3122 duntaxat
1040 3069 1170 3122 essentias
1195 3070 1331 3136 pertinet,
1359 3071 1408 3124 sed

299 3139 397 3196 animal
418 3156 478 3192 esso
497 3142 618 3211 cogitans
638 3149 665 3194 et
682 3139 806 3206 mortale,
825 3142 936 3193 rationis
950 3149 976 3192 et
987 3143 1117 3194 scientiae
1137 3143 1282 3209 particeps.
1311 3143 1407 3209 primis

299 3231 315 3267 a
333 3212 466 3281 principio
485 3221 596 3264 naturae
619 3212 760 3266 elementis
786 3229 844 3264 eum
871 3211 1037 3280 explicantes
1061 3229 1116 3265 non
1136 3213 1248 3265 dicimus
1268 3213 1407 3266 hominem

300 3300 360 3338 esse
379 3283 450 3350 quod
467 3284 494 3334 in
514 3298 544 3334 se
563 3282 660 3336 habeat
678 3283 815 3340 Platonem
837 3291 863 3337 et
882 3281 1027 3350 Socratem,
1049 3283 1096 3336 has
1116 3284 1167 3338 ille
1185 3282 1362 3337 elementelcs
1381 3295 1409 3338 et

299 3355 448 3422 impartitae
469 3355 599 3406 essentias
619 3356 700 3420 dicit,
720 3357 768 3415 sed
787 3351 857 3426 quod
876 3356 908 3408 ad
927 3355 1080 3408 animalium
1099 3371 1184 3426 genus
1207 3364 1233 3406 et
1253 3355 1406 3408 nominatas

300 3433 494 3494 componentes
512 3427 658 3478 varietates
677 3429 846 3495 componitur
866 3436 893 3479 et
912 3427 1041 3479 formatur
1072 3435 1098 3480 et
1119 3429 1147 3480 in
1167 3421 1301 3478 delinitam
1322 3428 1406 3480 indu.

300 3501 369 3551 citur
385 3505 514 3550 naturam.
552 3497 671 3550 l'alamas
690 3508 779 3550 antem
807 3499 840 3551 ob
859 3514 980 3566 magnam
997 3500 1187 3566 'ignorantium
1214 3498 1329 3550 adverso
1351 3497 1407 3551 ilu.

299 3573 381 3635 mine,
402 3576 434 3619 ut
450 3570 556 3632 dicitur,
574 3569 672 3621 fluvios
686 3572 726 3621 ire
746 3572 829 3638 cogit,
849 3570 893 3622 ubi
914 3571 994 3623 dicits
1021 3579 1100 3638 quum
1119 3571 1198 3622 unica
1226 3576 1253 3622 ct
1270 3571 1406 3636 impartita

299 3645 335 3697 sit
353 3643 398 3694 dei
418 3643 544 3705 essentis,
567 3643 712 3694 varietates
730 3657 785 3693 non
806 3641 886 3694 habet
904 3641 1073 3694 essentiales.
1111 3649 1138 3692 et
1148 3641 1228 3692 dein:
1248 3641 1405 3695 coniunctio

300 3723 342 3766 est
372 3713 519 3782 probabilis
547 3720 574 3764 et
593 3715 762 3766 existentiam
790 3722 816 3766 et
840 3715 1000 3781 positionem
1032 3714 1242 3782 consequentiae
1269 3715 1406 3766 maculem

300 3786 425 3849 afferens,
445 3785 516 3854 quod
534 3785 586 3837 duo
605 3785 798 3854 illustriaque
818 3785 947 3838 conciliat
972 3791 1006 3837 et·
1028 3797 1133 3837 causum
1161 3796 1252 3836 eorum
1284 3785 1405 3837 exhibet.

300 3857 368 3908 leaeo
396 3857 468 3908 dicte
487 3857 524 3907 itu
550 3866 660 3926 propter
678 3858 812 3910 inscitiam
829 3857 934 3928 turbata
953 3865 1030 3921 sunt,
1048 3863 1077 3907 ut
1097 3854 1245 3910 Calchante
1262 3855 1326 3908 vate
1344 3857 1404 3908 llo.

299 3929 400 3980 morico
421 3941 488 3994 opus
506 3928 549 3979 sit.
588 3931 635 3982 sed
657 3943 692 3980 ne
710 3929 787 3980 illum
808 3929 913 3997 quidem
926 3931 990 3996 puto
1002 3927 1244 4000 inconsequentiae
1262 3929 1406 3996 positioni,

299 4001 323 4054 si
341 4000 458 4062 adesset,
478 3997 685 4064 explicationem
711 4001 807 4052 afferre
825 4013 914 4067 posse.
951 4011 1032 4068 quum
1050 4000 1127 4067 ipse,
1151 4003 1182 4050 ut
1200 3999 1317 4067 opinor,
1337 4015 1408 4069 quae

303 4087 340 4123 ex
367 4085 415 4124 suu
443 4070 528 4138 ipsius
553 4080 644 4123 mente
668 4070 803 4140 protulit,
830 4070 938 4124 solvere
967 4071 1061 4140 possit.
1109 4085 1178 4141 quae
1206 4073 1275 4124 enim
1305 4071 1409 4124 causali

301 4143 410 4200 maone
427 4148 575 4216 ponunmr,
596 4143 688 4199 eaden
705 4141 790 4199 simili
807 4144 924 4211 mione,
943 4157 1013 4215 quae
1030 4155 1103 4212 non,
1124 4153 1157 4199 ea
1173 4154 1229 4199 non
1248 4141 1407 4214 probantur.
