3017 4759
165 260 167 263 ·
209 239 452 308 nrs'ronrtn
473 240 845 310 encaeniorum.
875 224 1063 313 ot-ot.
1144 239 1215 312 oet

120 402 194 478 σίας
226 395 370 468 εὔκλειαν
400 409 444 494 τῷ
475 403 626 470 δεδωκότι
655 403 755 494 τούτῳ
786 404 843 490 τὴν
875 403 1025 494 τστριραν
1053 406 1219 488 βασιλείαν

120 501 219 592 θεῷ.”

210 605 342 682 Τούτοις
361 606 553 688 δΠολομοῖς
576 605 756 691 ἀχθόμενος
776 607 831 673 καί
851 607 1060 692 δβρισταθοῖν
1079 610 1287 688 dentice-08
1347 667 1349 674 r

121 703 211 787 δόρει
226 728 260 770 τε
282 705 338 795 κοί
354 704 441 788 nond
464 710 590 791 φαῦλον
611 709 748 773 έιιοιιῖτο
765 711 821 786 καί
842 707 919 774 ου’τὸ
932 711 986 792 τῆς
1008 711 1171 792 καθέδρας
1183 708 1219 774 τίν
1344 697 1346 702 ¹

94 799 296 891 δεδσχημον,
317 801 423 891 ὥσπερ
444 805 506 886 ἔξω
528 808 692 893 γενόμενος
717 805 848 876 ἑαυτοῦ.
884 803 959 874 ὅθεν
980 806 1020 894 δή
1037 814 1093 874 καί
1114 809 1219 892 σνχνδ

122 911 350 993 περιέστρεφον
370 902 441 974 ὅλον
462 904 578 974 ἑαυτὸν
608 914 682 999 τῇδε
703 915 830 977 acinetos
852 915 902 997 ἔφ’
925 903 1024 995 odmen
1046 909 1140 997 ἔτυχε
1164 939 1220 997 τη·
1231 919 1251 976 i.
1270 919 1320 975 151
1331 935 1354 976 τ.

121 1012 259 1073 νικοῦτο
277 1011 421 1075 ’δοιιέδοο
441 1010 637 1094 καθήμενος,
659 1017 714 1079 καί
735 1014 950 1090 δοσιάθικτδς
982 1037 1030 1088 τις
1050 1006 1089 1096 ἦν
1110 1010 1152 1088 ὥς
1174 1015 1222 1081 τί·

122 1119 192 1174 κεῖν
216 1107 271 1176 καί
288 1111 473 1197 ἀκάθεκτος,
500 1114 556 1176 κοί
573 1111 760 1198 μεμηνότων
784 1114 878 1178 οδδὲν
910 1115 1106 1192 διακείμενος
1127 1107 1222 1195 ὅμοι-

122 1231 186 1274 κον.
231 1203 345 1293 riardo
366 1214 447 1276 ι’δτῖν
468 1213 566 1278 αὐτὸν
596 1209 704 1295 οέστερ
734 1211 947 1292 ἐκλαθόμενοι
975 1208 1093 1278 ἑαυτοῦ
1112 1238 1145 1280 τε
1168 1219 1223 1280 καί

78 1313 181 1378 torov'
205 1312 320 1394 καιροῦ
340 1315 396 1376 καί
427 1315 489 1376 τῶν
509 1316 655 1392 θνατῶν,
692 1315 751 1382 καί,
777 1310 880 1396 συχνοὶ
909 1319 1128 1398 μιτοφίροντα
1151 1324 1222 1393 ταῖς

119 1410 232 1493 χερσίν
254 1411 356 1477 αοίοδ
373 1415 436 1478 'reio
456 1409 592 1493 ἱματίων
614 1410 655 1478 τδ
679 1413 845 1496 κροὶσιτιδα
867 1415 922 1480 καί
944 1417 1145 1504 διαφέροντα
1167 1419 1223 1483 καί

121 1515 358 1597 καταφέροντα,
381 1518 436 1577 κιιί
458 1514 537 1594 τιρός
552 1537 587 1597 γε
611 1514 731 1597 κνήμας
748 1539 781 1579 τι
813 1501 992 1598 γυμνοῦντα
1014 1515 1068 1581 καί
1087 1517 1218 1602 μηρούς,

120 1616 175 1675 καί
197 1637 263 1688 ποις
285 1607 307 1676 οἳ
330 1612 373 1697 μὴ
397 1617 489 1694 θέμις
510 1616 695 1680 δείκνυσθαι
715 1619 894 1700 θεατρικῶς
923 1616 1043 1683 οὑτωσί
1063 1621 1220 1699 παραδει-

121 1717 256 1798 κνύντα,
278 1717 447 1800 ’δήπουθεν
484 1716 561 1780 ioci
588 1714 747 1802 μα’ρεργον
773 1720 890 1800 rinae,
913 1718 952 1783 οδ
973 1718 1027 1784 τὸν
1048 1721 1124 1782 νοῦν
1139 1716 1286 1804 ἐρα-04

77 1814 245 1896 teucria&
281 1811 325 1891 οδα
345 1815 467 1902 έοικιν,
490 1818 619 1906 οδδιιμῇ
651 1826 717 1892 τοῖς
748 1821 933 1900 δρωμένοις.
984 1822 1039 1884 κατ’
1060 1819 1117 1884 δύο
1138 1817 1217 1886 κατέ

120 1914 237 1981 τοοτδν
266 1920 419 1997 έτολμοῖτο
453 1920 569 2002 τοίνδρί
599 1920 769 2003 τηνικαῦτα
793 1918 831 1984 τοὶ
853 1913 977 2002 ὅτοιια,
998 1919 1079 2005 μήτε
1100 1918 1219 1987 δεδιότι

120 2016 194 2100 μήτ’
216 2020 452 2107 αἰσχυνομένῳ·
495 2022 628 2101 στόματι
651 2024 710 2101 μὲν
738 2018 799 2102 γδρ
817 2020 900 2104 πρὸς
921 2019 1000 2087 θιὸν
1017 2025 1218 2109 βλασφημιὸτ

123 2121 251 2206 ον’δαμῇ
272 2121 413 2201 έδιδίει,
445 2122 584 2205 σχήματι
614 2124 643 2199 δ’
673 2121 798 2210 οἷσέμνιρ
820 2114 876 2188 τοῦ
902 2122 1077 2208 μεμηνότος
1097 2127 1220 2190 έκιίνον

120 2218 284 2302 χριόμενος
308 2213 408 2303 ἧθονς
437 2221 491 2286 έτιί
518 2222 678 2288 τοσούτων
702 2227 883 2308 ὀφθαλμῶν
904 2226 1031 2312 ον’δαμῇ
1056 2248 1091 2308 ys
1114 2223 1221 2314 ᾐσχύ-

78 2339 203 2395 wasco.
246 2320 300 2385 καί
320 2316 398 2404 ὅπερ
424 2326 478 2388 έοί
500 2326 555 2407 τῆς
579 2328 693 2405 Τροίας
711 2313 885 2399 Ὀδυσσέδς
906 2326 1022 2402 έκιῖνος
1046 2323 1144 2392 τάλαι
1167 2323 1222 2391 ror

122 2417 337 2501 έκριτέμοθον
357 2427 414 2488 τοῦ
431 2423 573 2508 Ὁμήρου
597 2424 749 2508 Θερσίιην
769 2423 936 2509 χλευάζων
958 2421 1108 2512 ἤιιιιθῆστ
1130 2429 1221 2509 δροῖν,

122 2518 296 2586 decideres
317 2527 433 2617 εἵματα
451 2527 531 2608 λέγω
545 2528 637 2610 φίλα,
658 2521 696 2589 τά
713 2535 740 2589 τ’
756 2528 840 2591 αἰδοῖ
856 2525 1114 2610 ἀμφικαλύπτει,
1136 2527 1220 2592 ταῦτ’

124 2631 240 2710 δκεῖνος
262 2635 336 2694 καθ’
354 2624 472 2696 ἑαυτοῦ
487 2633 572 2718 δρῶν
587 2632 727 2714 διεχνιδς
747 2624 805 2696 οὗκ
828 2625 995 2719 ᾐσθάνετο.
1040 2630 1145 2693 ταῦτα
1169 2628 1224 2693 καί

121 2727 167 2814 μὴ
191 2727 275 2794 πάνυ
295 2736 505 2820 μολισιίοντα
532 2728 587 2796 τὸν
622 2734 653 2795 Γ
651 2733 791 2816 ρηγοριῖν
823 2727 955 2815 γιλιίσαι
985 2726 1149 2814 πεποίηκε,
1168 2729 1223 2792 κοί

121 2939 215 2992 reddet
233 2936 361 2989 celeriter
379 2950 428 2987 rex
446 2935 491 2987 hic
506 2943 642 3001 paternam
662 2932 796 2987 ecclesiae
815 2932 927 3002 gloriam
941 2916 1002 3000 deo,
1024 2934 1070 3002 qui
1088 2933 1151 2987 huic
1171 2913 1221 3000 ρο.Ι

121 3017 225 3063 ternum
244 3008 317 3061 dedit
334 3020 455 3074 regnum.
951 3029 958 3042 .

222 3095 269 3146 iiis
292 3093 412 3146 Palemon
444 3101 571 3164 gravatus
597 3100 624 3146 et
650 3092 731 3146 ualde
765 3091 875 3142 affectus
900 3096 991 3150 contra
1020 3091 1222 3146 conviciabatur

123 3177 150 3222 ct
180 3168 256 3236 parvi
288 3165 405 3217 faciebat
442 3167 520 3218 etiem
553 3166 638 3232 ipsum
676 3163 804 3216 sessionis
843 3163 942 3228 decus,
971 3171 1001 3216 ut
1038 3164 1061 3216 si
1091 3165 1160 3230 apud
1191 3179 1222 3216 se

121 3255 174 3293 nou
197 3245 283 3302 esset3
304 3237 488 3306 „quemobrem
519 3237 597 3288 etiam
624 3237 779 3303 frequenter
809 3249 839 3285 se
865 3242 948 3285 totum
968 3235 1051 3288 vertit
1069 3235 1120 3286 huc
1140 3242 1167 3286 et
1184 3234 1221 3286 ii.

121 3311 166 3364 luc
184 3313 211 3363 iu
230 3308 309 3374 soto,
336 3310 365 3360 iu
384 3324 436 3378 quo
457 3317 511 3361 tum
537 3309 649 3359 maxime
674 3305 801 3370 sedebat,
822 3305 1004 3371 contrictio,
1024 3314 1053 3358 ut
1071 3308 1108 3360 ita
1127 3308 1221 3372 dicam,

122 3390 149 3434 ot
179 3383 344 3448 importunus
375 3389 443 3441 erat¹
453 3379 661 3449 quodammodo,
686 3393 776 3445 neque
803 3375 899 3428 melius
918 3378 1061 3444 dispositus
1081 3393 1157 3448 quam
1176 3379 1222 3430 iu.

120 3461 220 3504 rentes.
257 3459 364 3517 poteras
389 3453 458 3503 enim
484 3452 578 3505 ridere
598 3466 656 3501 eum
682 3457 806 3516 tanquam
826 3448 936 3500 oblitum
954 3451 996 3500 sui
1021 3458 1048 3501 et
1073 3460 1221 3518 temporum

123 3531 149 3574 et
166 3530 346 3589 spectatorum
366 3532 393 3575 et
408 3523 460 3575 huc
480 3523 548 3575 iiiuc
567 3521 715 3574 trahentem
734 3519 854 3572 manibus
874 3521 1094 3573 vestimentorum
1114 3522 1220 3586 limbos,

124 3602 150 3645 et
167 3594 342 3646 adducentem
365 3603 393 3645 ct
409 3596 583 3647 deducentem
604 3602 631 3645 et
650 3607 736 3660 usque
762 3593 890 3644 adrerum
908 3592 1050 3644 nudantem
1073 3602 1100 3644 et
1120 3593 1221 3644 iernora

123 3672 150 3716 et
172 3665 228 3716 iere
252 3680 320 3731 quac
344 3681 400 3717 non
425 3668 549 3720 decorum
577 3673 618 3718 est
641 3664 784 3716 ostendere
811 3664 918 3716 mimico
937 3665 1016 3716 modo
1044 3671 1220 3716 ostentantem

122 3735 209 3788 obiter
227 3743 257 3786 ut
274 3736 311 3787 ita
329 3737 430 3801 dimon,
450 3754 539 3806 neque
563 3739 677 3790 animum
695 3736 839 3788 advertens
860 3736 905 3802 qui
936 3742 993 3786 crat
1012 3734 1069 3785 eius
1087 3749 1143 3786 mor
1163 3733 1221 3786 ulio

122 3807 200 3859 modo
221 3807 255 3857 iis
282 3822 351 3873 quae
372 3808 488 3860 flebant:
515 3817 542 3860 et
566 3810 730 3875 dacaeque
748 3813 802 3857 tum
829 3804 943 3857 audehat
963 3806 1006 3857 vir
1024 3807 1114 3872 inepta
1132 3821 1222 3874 neque

123 3878 218 3933 timens
246 3878 337 3944 neque
353 3892 466 3943 verens3
494 3894 541 3931 ore
560 3881 629 3931 enim
649 3886 742 3930 contra
762 3877 839 3929 deum
869 3877 1023 3930 convicians
1051 3876 1127 3929 nulio
1143 3877 1222 3929 modo

124 3950 225 4001 cimore
251 3947 422 4014 capiebatur:
454 3949 545 4001 habitu
567 3958 655 4002 autem
680 3951 823 4001 inhonesto
854 3947 966 4000 furentis
993 3947 1067 4001 iliius
1094 3949 1131 3999 uti
1162 3963 1223 3999 mo.

79 4079 82 4084 ,
121 4022 158 4074 ris
181 4035 269 4072 coram
286 4019 372 4070 oculis
389 4027 430 4070 tot
451 4036 506 4071 nou
525 4020 675 4073 verebatur.
715 4029 742 4072 ct
763 4020 833 4087 quod
860 4026 921 4070 autc
942 4019 1043 4072 Troiam
1063 4019 1155 4072 Ulixes
1174 4018 1223 4070 ilie

123 4091 186 4144 olim
213 4091 323 4143 Homeri
346 4089 485 4144 Thersiten
512 4090 803 4160 garrulum'deiudens
832 4089 961 4142 sucturum
991 4106 1021 4143 se
1046 4105 1106 4143 esre
1134 4089 1225 4152 mina.¹

122 4169 164 4218 tus
183 4171 225 4218 est
236 4197 246 4229 ‚
267 4170 406 4216 exuturum
425 4164 546 4216 nimirum
572 4161 732 4225 uestimenta
762 4169 853 4231 grata,
872 4177 940 4230 quac
965 4163 1081 4216 membre
1101 4159 1222 4226 pudenda
