3017 4759
288 217 510 288 nrsroaras
536 212 796 285 nmsnrrnnn
813 218 923 282 xxva
939 197 1066 281 7-9.
1192 203 1239 277 τε

141 387 185 473 μὴ
206 381 287 453 εἶναι
316 385 479 467 δήπουθεν
506 378 615 445 καινόν
643 379 674 443 εί
700 384 922 463 περιφρονοίτο
942 375 1030 439 τοῦδ’
1062 373 1122 460 ἀφ’
1152 372 1243 455 ἧμάν

141 489 185 566 ιός
208 492 307 554 ἐκεῖνο
330 486 429 549 πύλαι
461 490 527 557 τοίς
560 488 730 565 φονευταῑς
759 478 928 550 Ἰουδαίοις
954 473 1086 540 ἐκείνου.
1129 477 1164 539 ἓν
1184 477 1243 554 μὲν

142 588 295 675 tid-soii?
319 582 427 649 ἱκανόν
457 581 511 647 ἐπί
544 579 602 655 τάς
622 579 750 662 πρώτας
770 578 885 651 αἰτίοις
907 577 963 641 καί
990 573 1160 658 διαλήψεις
1182 577 1243 638 τῶν

142 692 277 776 ἀφανοόν
308 682 568 770 ἀρρωστημάτων
599 685 653 765 τῆς
685 679 805 745 ἐκείνου
834 680 945 760 ψυχῆς
979 676 1153 761 ἀναφέρειν
1183 695 1242 738 σου

115 787 200 873 5τὴν
220 784 379 852 ιδιάνοιαν
406 788 460 849 καί
492 782 664 865 ἐπερείδειν
699 781 742 856 ὥς
774 777 827 842 ἐπί
854 780 993 866 θεμελίῳ
1021 774 1083 860 τός
1113 773 1244 840 κατόπιν

145 886 283 977 ἐφόδους
305 889 366 952 πυόν
387 884 624 966 ἀναλογισμῶν·
670 880 821 961 δεύτερον
843 881 873 941 δ’
887 872 934 941 ότι
957 875 1134 963 πολυδείαν
1149 875 1245 956 ἐγκα-

142 985 305 1070 λούμενος,
327 984 484 1071 μηδὲγὰρ
504 984 657 1057 Ἰουδαῖος
674 978 813 1065 ἔφασκεν
833 973 917 1044 εἶναι
936 980 1018 1063 μηδὲ
1032 978 1095 1041 τεόν
1111 976 1244 1059 Ἰσμαη-

145 1093 240 1157 λιτῶν
259 1084 323 1166 εἷς,
354 1090 393 1151 ἵν’
414 1085 469 1150 ἕνα
490 1088 567 1185 σε’βφ
590 1080 677 1148 θεόν.
732 1077 793 1165 ε’γιό
818 1082 854 1147 δὲ
877 1085 931 1145 καί
952 1082 1050 1145 πλείω
1072 1080 1127 1141 καί
1143 1076 1244 1158 μειζιο

144 1194 304 1275 συνείρειν
327 1192 446 1255 ε’δίλων
475 1190 531 1269 τῆς
562 1187 662 1269 αύτῆς
697 1184 836 1267 ἐχόμενα
856 1183 985 1262 κακίας,
1005 1181 1061 1245 κατ’
1088 1178 1244 1245 δεικνύειν

100 1304 135 1358 10
147 1295 204 1357 καί
227 1291 443 1357 ἀναπτύσσειν
470 1288 606 1361 ὁπόσους
627 1287 684 1369 τῆς
708 1286 857 1366 ἀσεβείας
878 1286 1027 1364 ταμιεύει
1053 1280 1095 1347 τίν
1116 1282 1243 1365 βρυχία

148 1392 242 1457 ταυτί
263 1388 466 1475 θησαυρούς,
491 1390 578 1454 δυσῖν
601 1390 692 1453 ἕνεκα
722 1386 880 1470 παρίημι,
903 1378 971 1458 ἑνός
993 1384 1053 1463 μὲν
1074 1378 1120 1447 ότι
1144 1377 1245 1464 σοφός

145 1486 190 1556 σόν
212 1493 265 1555 καί
286 1487 383 1566 αύτός
404 1493 538 1573 ξυνῆκας
560 1488 700 1561 ἀκούσας
722 1487 832 1567 τόθύς,
853 1481 957 1572 γνιόσῃ
978 1488 1009 1549 δ’
1031 1476 1075 1548 αύ
1094 1480 1244 1547 τελειότε-

144 1614 201 1677 ρον
221 1600 289 1669 ταῖς
310 1590 430 1656 ἐκείνου
462 1595 586 1672 βίβλοις
613 1586 847 1671 ἐντετυχηκώς,
878 1574 1028 1669 δευτέρου
1051 1586 1079 1647 δ’
1104 1575 1151 1645 ότι
1171 1604 1245 1646 και-

144 1692 201 1777 ρόν
223 1693 352 1757 ἀπιέναι
371 1715 407 1757 σε
430 1691 531 1755 οἴκαδ’
555 1691 673 1772 ἀρτίως
687 1684 895 1772 ,ἁρμόττοντα
924 1682 1032 1766 οἴομαι
1051 1678 1146 1761 εἶναι,
1170 1681 1244 1765 πρίν

99 1810 134 1861 15
144 1791 221 1869 τούς
240 1797 342 1883 κύκλφ
368 1792 531 1867 πανόπτας
556 1793 730 1857 αἰσθέσθαι
753 1788 808 1853 καί
829 1786 905 1864 τούς
934 1783 1067 1872 πικρούς
1087 1788 1144 1869 τῆς
1167 1785 1244 1867 ἐμῆς

145 1896 388 1981 δεσμοφύλακας
411 1895 518 1979 τύχης.

246 1997 316 2061 Καί
339 1997 443 2060 ταῦτα
467 1997 527 2075 μὲν
559 1995 672 2059 τοῦτον
700 1990 774 2076 ἔσχε
806 1992 861 2058 τόν
880 1991 1015 2076 τρόπον,
1035 1988 1091 2055 καί
1112 1986 1128 2052 ό
1148 1984 1280 2061 scateo

140 2095 375 2180 Ἀναδάγγελος
403 2099 527 2161 τοσαῦτ’
558 2094 655 2160 εἰπών
685 2097 740 2159 καί
775 2094 914 2169 ἀκούσας
944 2093 1039 2181 ἀπῄει
1064 2094 1087 2132 ¹‘
1109 2089 1273 2173 νόκτιινρ,ί.
1295 2095 1383 2149 113ε.

142 2198 279 2281 μηδενός
301 2200 362 2263 τεόν
384 2196 468 2278 ἑμιόν
497 2200 638 2262 damarum
670 2198 876 2276 αίσδομόυου.
926 2192 1044 2280 χρόνον
1073 2195 1102 2257 δ’
1123 2193 1245 2254 ἐκεῖθεν

96 2297 347 2383 αοὲξαμηνιαίον
381 2300 442 2365 ἀνό
465 2297 524 2383 τόν
553 2301 643 2363 πόλιν
678 2296 812 2381 ταυτηνί
834 2296 1065 2382 διατετριφοός,
1100 2296 1156 2358 καί
1176 2297 1246 2358 Bo·

144 2403 279 2480 ζαντίων
299 2410 363 2475 τοῖς
385 2385 583 2485 πρόόχουσιν
605 2400 661 2466 ἐπί
678 2422 712 2464 τε
745 2403 845 2490 σοφίρι
868 2402 923 2464 καί
953 2399 1026 2487 δόξῃ
1048 2420 1246 2479 συναναμιγ-

143 2499 274 2582 νύμενός
295 2525 328 2566 τε
349 2506 404 2567 καί
425 2500 545 2583 όμιλυόν
567 2503 708 2587 adponit,
728 2504 785 2565 καί
804 2510 867 2577 τοῖς
882 2499 957 2587 πρίν
979 2501 1183 2585 η’κουσμίνοις
1205 2493 1244 2562 τό

146 2801 260 2859 corpore
283 2798 310 2841 et
335 2789 445 2842 multum
469 2791 502 2843 ab
532 2804 564 2843 eo
583 2792 718 2857 diversum
737 2799 813 2859 putat
837 2806 926 2860 neque
954 2790 1077 2858 proiecto
1095 2793 1133 2843 ita
1151 2790 1246 2845 mirum

147 2879 227 2927 esse,
258 2863 280 2913 si
299 2861 351 2913 boc
377 2878 392 2913 a
418 2863 495 2915 nobis
515 2872 716 2927 contemnatur,
737 2864 806 2914 sicut
830 2862 898 2914 illud
921 2862 1053 2930 quondam
1080 2862 1112 2913 ab
1130 2862 1245 2928 Iudaeis,

146 2933 246 2989 Christi
265 2932 493 2987 interlectoribus.
514 2934 566 2986 lroo
582 2950 663 2986 unum
681 2933 783 2986 sufficit
802 2936 835 2986 ad
852 2935 949 3000 primas
971 2947 1063 2985 causas
1083 2935 1245 2986 strutiones

145 3005 342 3057 reconditorum
361 3006 441 3057 animi
461 3007 587 3058 vitiorum
613 3006 803 3075 cogitationem
823 3013 894 3056 tuam
914 3004 1019 3055 referre
1037 3004 1065 3055 iu
1083 3005 1171 3072 iisqne
1193 3019 1245 3056 ve.

145 3077 196 3128 luti
214 3077 241 3126 iu
260 3076 429 3128 laudamento
456 3081 640 3146 insequentem
671 3075 923 3141 contemplationum
952 3076 1071 3126 ordinem
1099 3074 1243 3126 collocare.

147 3147 291 3203 secundum
315 3156 403 3199 autem
430 3149 638 3215 polytheismum
663 3149 714 3199 iste
743 3148 900 3210 advocavit3
925 3148 991 3199 dixit
1018 3148 1105 3212 enim,
1136 3163 1166 3198 se
1193 3162 1244 3199 nee

77 3228 84 3239 '
145 3220 269 3271 Iudaeum
289 3234 341 3270 nec
358 3220 519 3272 ismaelitam
539 3237 608 3284 esse,
627 3226 656 3269 ut
674 3234 754 3269 unrrm
773 3220 851 3271 deum
867 3218 980 3270 coleret.
1002 3233 1158 3288 quamquam
1176 3232 1243 3271 vero

146 3290 224 3357 plura
242 3306 273 3341 ao
291 3292 400 3355 maiora,
420 3306 489 3358 quae
508 3293 540 3343 ad
556 3290 665 3343 eandem
681 3289 876 3357 improbitatem
895 3290 1040 3358 pertinent,
1058 3291 1162 3343 relerre
1181 3291 1245 3342 vel.

146 3363 199 3413 lem
219 3361 322 3430 tibique
334 3363 514 3414 demonstrare
533 3372 561 3415 et
575 3361 721 3429 explicare,
740 3361 1052 3429 quantamimprobit'atis
1062 3362 1161 3414 molem
1177 3361 1244 3413 llaec

146 3447 230 3499 pauca
249 3434 276 3484 in
297 3448 358 3484 sese
377 3433 505 3499 habeant,
534 3436 625 3486 omitto
644 3442 732 3484 tamen
752 3433 852 3485 duabus
873 3448 906 3484 ex
925 3435 1032 3496 causis,
1053 3436 1164 3501 primam
1182 3434 1245 3500 qui.

148 3504 217 3566 dem,
237 3505 307 3571 quod
327 3506 396 3571 ipse,
417 3518 469 3572 qua
493 3522 521 3558 es
540 3506 680 3572 sapientia,
700 3506 727 3556 id
746 3506 834 3556 statim
853 3506 963 3558 audiens
985 3504 1144 3555 intellexisti
1166 3512 1246 3571 atque

147 3578 296 3627 accuratius
319 3577 397 3627 etiam
419 3590 566 3644 cognosces
593 3575 668 3627 libris
694 3577 751 3627 eius
779 3576 925 3643 perlectis,
952 3576 1066 3639 deinde,
1086 3574 1156 3642 quod
1175 3589 1246 3625 nunc

147 3654 251 3711 tempus
274 3663 333 3699 csse
352 3648 477 3711 arbitror,
500 3649 603 3701 domum
622 3648 761 3711 atthaeo,
781 3649 934 3716 priusquam
953 3646 1043 3698 oculei
1063 3643 1247 3713 speculatores

146 3716 319 3769 circumcirca
336 3720 459 3785 dispositi
480 3729 506 3771 et
524 3734 599 3771 meae
618 3722 700 3771 sortis
712 3722 802 3773 severi
821 3720 944 3771 custodes
962 3726 990 3768 te
1009 3717 1229 3769 animadvertant.

246 3790 334 3857 Atque
361 3790 428 3842 haec
457 3792 562 3859 quidem
588 3792 625 3842 ita
649 3808 710 3843 sese
734 3791 877 3842 habebant.
931 3789 1135 3841 honestissimas
1160 3796 1248 3840 autem

145 3856 363 3928 Agatbaogelus‚
392 3879 471 3930 quum
500 3863 566 3914 haec
599 3864 710 3916 dixisset
741 3872 768 3913 et
792 3863 957 3924 audivisset,
977 3860 1043 3912 abiit
1061 3859 1248 3924 nectanebo

145 3945 264 3982 meorum
284 3943 484 3999 persecutorum
511 3935 652 3987 sentiente.
691 3934 753 3985 dein
779 3950 826 3987 sex
852 3947 900 4000 per
927 3947 1033 3986 meuses
1062 3934 1089 3983 in
1115 3932 1165 3983 bac
1182 3931 1267 3994 urbe,

147 4012 324 4057 commoratus
345 4014 371 4056 et
393 4021 451 4056 cum
473 4004 611 4071 Byzantiis
640 4006 772 4071 sapientia
797 4021 827 4055 ac
845 4005 934 4073 gloria
963 4005 1113 4073 insignibus
1132 4016 1250 4053 conser-

147 4082 221 4126 satus
240 4088 385 4143 eorumque
406 4077 598 4128 consuetudine
626 4076 696 4128 bene
709 4072 780 4130 ¹usus
800 4091 880 4143 quum
909 4091 1015 4139 eorum,
1034 4089 1102 4143 quae
1120 4081 1182 4123 ante
1200 4087 1251 4122 au.

148 4145 254 4198 diverat
273 4145 386 4214 plurima
406 4149 434 4199 in
458 4149 576 4201 ordinem
602 4149 756 4199 continuum
776 4148 889 4199 maxima
909 4162 942 4198 ex
961 4156 1036 4213 parte
1055 4143 1248 4213 congessisset,
