3017 4759
196 228 862 359 ursuonuuutntuuutumvu.
879 268 1071 354 55-60.
1130 284 1209 369 eor

93 442 164 503 τῶν
181 445 254 504 κατ’
278 438 373 506 αύτύν
386 443 542 525 μειζόνων
562 447 618 529 τῆς
637 446 834 532 σατραπείας
853 447 1066 533 πραγμάτων·
1111 449 1129 513 δ
1147 452 1206 518 καὶ

94 539 189 621 μάλα
212 543 336 623 μᾶλλον
359 542 404 619 εἰς
424 543 556 625 μειζους
576 568 609 608 τε
634 545 784 623 ἐξέκαυσε
813 547 952 633 θρήνους
969 545 1128 634 Ὑρκανόν,
1148 550 1203 616 καὶ
1235 566 1239 570 ’
1275 565 1282 574 “
1313 568 1335 633 j.

97 638 171 723 ἅμα
194 639 274 725 πρὸς
296 644 494 729 θερμοτέρας
518 646 661 730 ζητήσεις
679 649 736 711 τού
755 650 871 728 ζῶντος
891 646 938 713 du
958 648 1074 728 παιδὸς
1094 653 1127 715 έν
1149 652 1201 715 δε-

94 750 202 824 σμοῖς.
228 743 277 807 διδ
300 744 355 807 καί
377 746 511 827 πέμπων
526 747 675 831 διηνεκῶς
696 747 750 811 ούκ
769 747 861 832 έληγε
876 746 950 825 τούς
973 752 1203 835 διαναστήσον·,

62 856 156 919 5τας
176 842 313 925 βασιλέα
336 844 485 932 καὶπρὸς
507 841 640 934 τούργον
664 849 914 935 σπουδαιότερον
935 851 1198 937 καταστήσοντας,

91 942 251 1035 χρήματά
265 969 299 1010 τε
315 947 369 1011 ἐπὶ
387 947 508 1024 τούτοις
531 946 623 1031 άμὲν
646 947 772 1014 οἴκοθεν
788 951 954 1028 έδι’δου,,δ
975 956 1003 1017 δ’
1024 951 1117 1040 ήφίει
1136 958 1202 1019 ταῖνΙ

14 1110 17 1115 ‚
94 1042 176 1127 πρίν
197 1043 389 1131 ὀφλημάτων
401 1050 460 1125 ,εἰς
477 1049 694 1133 ἀναλωμάτων
709 1052 835 1136 χρειάν,
860 1049 922 1117 ὅσα
944 1050 1038 1127 ἱκανά
1058 1055 1217 1139 τριήρεις1

93 1147 269 1229 πληρῶσαι
289 1147 345 1210 καί
374 1144 506 1213 ύπλίοαι
535 1152 616 1215 κατὰ
644 1150 795 1222 Φωκέων,
838 1152 894 1216 καί
923 1150 990 1235 άμα
1014 1157 1197 1239 προσετίθει
1208 1163 1266 1219 6⁹.

92 1244 153 1309 καί
174 1240 377 1331 ἐπηγγέλλετο
400 1246 447 1313 ἔτι
475 1250 531 1315 καί
546 1249 690 1333 δέσμιον
716 1252 831 1318 δαίσειν
860 1252 947 1339 αύτηλ
969 1253 1024 1338 τήν
1045 1255 1197 1341 ταχίστην

43 1352 83 1405 10
93 1347 275 1411 Ματδαῖον
289 1347 343 1413 τδν
364 1354 419 1435 τῆς
443 1350 541 1418 ednod
551 1355 719 1437 βασιλείας
740 1353 867 1438 ἐχθρὸν,
882 1354 938 1417 καί
959 1355 1120 1437 πολέμιον,
1142 1355 1198 1421 καί
1228 1395 1233 1401 ·
1284 1362 1296 1374 ⁴

89 1449 228 1530 μακρῶν
249 1449 283 1511 ἐν
302 1453 422 1535 βραχεῖ
443 1452 592 1536 θορύβων
616 1451 711 1517 αύτόν
729 1453 922 1531 άπαλλάξαι.
965 1453 1021 1518 καί
1043 1455 1082 1537 δὴ
1104 1458 1193 1536 πρῶ-

90 1568 147 1608 τον
167 1546 227 1627 μέν
248 1544 266 1610 6
290 1549 441 1629 βασιλεύς
464 1554 510 1639 τρῖ
530 1556 592 1616 τῶν
617 1554 758 1620 Φωκέων
786 1553 1022 1638 ἐπιτροπεύοντι
1043 1552 1195 1639 πρέσβεις

25 1710 26 1717 1
92 1639 235 1728 ἔπέμπεν
255 1644 336 1735 ύπέρ
358 1652 483 1717 τούτου·
529 1650 547 1716 6
568 1654 596 1715 δ’
618 1653 774 1738 ἐπαρθεὶς
795 1656 841 1740 sigi
864 1652 1058 1738 εύτυχήματι
1080 1654 1193 1738 λόγους
1358 1709 1361 1712 .

91 1740 301 1833 ὑπέρφρονας
333 1750 527 1835 ἀντέπεμπε,
560 1756 616 1818 καί
646 1748 716 1839 ᾔτει
745 1738 899 1836 χρήματα
927 1752 983 1816 καί
1006 1750 1197 1836 ἀξιωμάτων.
1257 1742 1260 1746 λ

43 1856 81 1907 15
93 1840 208 1929 ὄγκους
228 1844 308 1932 ὑπὲρ
339 1847 396 1935 τήν
423 1845 538 1917 ἑαυτοῦ
565 1855 671 1938 τύχην.
724 1852 795 1917 ἐπεὶ
827 1854 862 1922 δὲ
895 1854 943 1927 δίς
972 1854 1027 1917 καί
1047 1852 1116 1938 τρίς
1138 1852 1218 1917 κατ’»

92 1948 244 2025 πολλάκις
264 1952 320 2033 τῆς
339 1951 486 2038 τοιαύτης
509 1946 759 2039 δοκιμασθείσης
778 1956 893 2039 πείρας
912 1952 1006 2030 αύτός
1019 1977 1053 2017 τε
1071 1953 1127 2017 καί
1148 1954 1194 2029 εἰς

27 2086 28 2089 =
94 2046 293 2114 ἀποστασίαν
322 2050 439 2135 ἔβλεψε
465 2055 521 2120 καί
542 2052 702 2141 ἄπρακτον
733 2056 856 2121 ἐδείκνυ
878 2055 935 2139 τήν
955 2056 1012 2117 τού
1034 2052 1193 2136 βασιλέως

91 2150 251 2235 σπουδήν,
281 2155 423 2239 τριήρεις
453 2154 470 2219 6
498 2154 651 2238 βασιλεύς
681 2159 716 2219 ἐκ
745 2156 936 2235 Βυζαντίου
961 2155 1113 2239 μεγίστας
1133 2153 1192 2235 μέν

91 2258 185 2336 τρεῖς,
207 2252 326 2339 μικράς
352 2256 386 2319 δέ
409 2256 530 2341 διήρεις
551 2257 606 2322 καὶ
634 2256 784 2341 μονήρεις
813 2257 943 2332 πλείους
976 2254 1134 2339 ἀθροίσας
1156 2254 1190 2316 ἐκ

43 2362 82 2419 20
95 2353 231 2419 Τενέδου
251 2378 286 2419 τε
319 2355 374 2421 καί
396 2356 528 2439 Λέσβου
563 2357 618 2421 καί
641 2357 796 2441 Λήμνου,
822 2354 903 2441 ἄρας
926 2355 1138 2420 κατέπλευσεν
1158 2354 1192 2428 ἐς
1210 2408 1253 2420 ψ.
1301 2401 1304 2410 ,

90 2450 225 2518 τδν’ταῑν
248 2456 388 2521 Φωκέων
414 2457 536 2541 λιμένα.
581 2458 636 2523 καί
658 2454 675 2521 6
695 2458 819 2541 χειμὼν
839 2460 872 2522 ἐν
893 2456 1014 2532 τούτοις
1036 2453 1189 2520 ἐτελεύτα.
1247 2448 1254 2455 ’

93 2548 164 2637 ύρτι
186 2556 220 2619 δὲ
243 2559 300 2621 τού
320 2552 399 2642 ήρος
422 2558 601 2644 ἀρχομένου
616 2558 871 2644 παρεσκευάζετο
888 2555 969 2643 πρύς
992 2555 1255 2640 neiron-usum

90 2652 286 2742 κάπειδήπερ
313 2656 401 2745 αύτῷ
422 2656 536 2742 ήκιστα
557 2655 668 2724 ‘sindon
689 2653 737 2743 ἦν,
761 2659 790 2722 εἰ
809 2654 854 2742 μή
875 2656 930 2723 τὸν
942 2658 1004 2742 ’τῆς
1022 2654 1084 2735 ἔξω
1106 2652 1187 2740 πρά-

40 3010 43 3017 ι
90 2994 222 3032 cessorem
242 2988 269 3033 et
289 2995 407 3036 summes
426 2983 453 3034 iu
475 2984 591 3051 satrapis
621 2998 710 3035 rerum
735 2983 975 3035 administratorem
993 2981 1184 3044 destinaverat

90 3067 157 3119 quae
176 3068 220 3104 res
239 3053 266 3103 in
285 3052 368 3104 multo
386 3055 513 3106 maiorem
534 3056 587 3107 vim
604 3054 771 3107 lacrimarum
792 3054 942 3121 Hyrcanum
961 3051 1089 3119 compulit
1107 3060 1134 3103 et
1151 3052 1184 3104 ad

92 3122 183 3175 furtiua
202 3125 387 3193 inquirendum
407 3125 489 3182 iiiium
510 3127 560 3177 ism
591 3123 726 3179 virentem
753 3127 782 3177 in
800 3124 926 3176 rincoiis.
956 3124 1082 3175 continuo
1102 3124 1185 3190 igitur

90 3195 121 3246 ed
139 3210 229 3262 regem
249 3197 321 3247 misit
347 3198 392 3264 qui
412 3197 543 3249 instarent
574 3204 601 3249 et
625 3198 657 3249 sd
687 3197 865 3249 festinantiam
892 3211 951 3247 eum
970 3195 1123 3257 incitarent,
1141 3194 1182 3244 ai.

90 3265 195 3334 mulque
214 3269 342 3334 pecunius
362 3270 456 3336 purtim
477 3284 541 3337 quus
561 3268 758 3332 cicumdedit,
779 3269 873 3335 partim
899 3283 963 3335 quas
984 3266 1009 3317 ei
1028 3266 1132 3317 remisit
1148 3265 1182 3316 de

89 3339 200 3404 pristino
219 3339 323 3404 debita,
351 3340 383 3392 ad
401 3341 570 3391 nucessarias
588 3340 737 3405 impensus,
756 3338 862 3408 'quibus
880 3338 1002 3390 triremes
1020 3336 1133 3404 impiere
1151 3344 1182 3389 et

89 3410 218 3462 instruere
236 3419 329 3478 posset
347 3420 438 3463 contre
459 3411 619 3464 Phocenses.
666 3410 760 3478 hisque
781 3412 891 3475 insuper
910 3410 1009 3463 adiecit
1028 3416 1056 3460 et
1077 3409 1180 3475 promi.

20 3520 27 3533 ,
88 3482 130 3544 sit,
145 3496 175 3531 ac
194 3483 221 3533 in
240 3482 403 3543 vinculis-ct
421 3485 575 3536 traditurum
596 3497 672 3550 quam
692 3481 852 3533 brevissimo
877 3489 998 3547 tempore
1018 3480 1178 3533 idattisseuru

87 3551 188 3618 imperii
199 3555 257 3607 eius
269 3555 448 3607 adversarium
469 3564 495 3607 et
506 3555 618 3617 hostem,
641 3569 755 3622 eumque
766 3554 806 3604 sic
816 3552 894 3605 brevi
910 3552 1041 3604 diuturnis
1063 3550 1178 3601 motinus

88 3622 276 3690 expediturum.
312 3627 403 3695 itaque
424 3629 533 3694 primurn
554 3642 610 3677 ectu
631 3624 665 3677 ob
692 3641 747 3677 rem
767 3641 815 3677 rex
844 3625 877 3677 ad
894 3622 1070 3676 Piretensium
1096 3636 1176 3688 prae.

59 3740 63 3752 ,
88 3694 180 3747 iccium
199 3696 303 3766 legatos
322 3699 401 3750 misit.
425 3698 474 3751 ilie
493 3712 558 3751 vero
579 3698 649 3750 iorie
668 3697 774 3750 fortune
794 3703 940 3749 commotas
958 3692 1074 3759 superba
1094 3692 1177 3745 rerba

87 3768 184 3818 remisit
206 3776 232 3819 et
252 3769 398 3835 postularit
416 3772 543 3835 pecunias
565 3777 592 3820 et
610 3772 763 3821 meritorum
783 3768 875 3819 iaudes
894 3772 1004 3833 proptor
1024 3779 1097 3815 suem
1117 3762 1177 3815 for.
1259 3810 1262 3827 ,

87 3844 178 3889 tunam.
217 3854 294 3906 quum
315 3854 380 3893 vero
400 3840 441 3892 bis
461 3848 488 3892 et
507 3847 549 3891 ter
568 3848 595 3891 et
613 3842 719 3907 saepius
739 3837 884 3908 postulatio
904 3837 973 3888 iectu
993 3844 1065 3887 essct
1083 3842 1110 3888 et
1126 3834 1177 3887 iiie

86 3908 134 3957 itm
151 3909 181 3960 ud
201 3909 380 3964 deiectionem
407 3910 551 3963 inclinaret
574 3918 607 3961 »ct
624 3913 696 3980 regis
729 3925 836 3978 operatu
856 3909 957 3961 irritem
979 3906 1106 3970 iecisset,
1126 3903 1183 3958 τοτ’

85 3978 209 4045 Byzantio
227 3980 312 4032 tribus
332 3981 495 4050 longissimis
510 3980 670 4047 triremibus,
691 3981 811 4050 pluribus
830 3988 917 4031 autem
938 3978 1044 4046 exiguis
1063 3977 1175 4029 biremi.

84 4049 130 4101 bus
149 4059 175 4103 et
192 4050 356 4105 uniremibus
376 4054 514 4105 conductis
533 4069 566 4104 ex
585 4052 689 4105 Tenedo
716 4062 742 4105 et
764 4051 850 4105 Lesbo
870 4058 897 4102 ei
914 4059 1013 4112 temno,
1033 4049 1176 4106 confertim

84 4122 110 4172 iu
127 4121 424 4193 Piscensium.portum
444 4125 594 4193 navigavit.
625 4125 727 4177 interea
747 4126 835 4175 autem
854 4123 939 4174 inicum
959 4120 1055 4175 iinivit.
1092 4120 1175 4171 rede.

84 4205 226 4251 ueterano
245 4196 330 4265 primo
348 4212 414 4250 vere
433 4198 468 4259 ad
487 4196 695 4266 expugnandum.
716 4210 766 4249 ren
784 4195 915 4249 accersite
942 4194 1089 4261 νεύουσαι
1108 4188 1175 4269 πολε

134 4294 293 4369 usqum
313 4294 423 4367 ατηεν.
448 4273 503 4349 ιλ.
521 4292 576 4389 ιιι.
830 4343 835 4353 ,
958 4290 995 4345 ει
