3017 4759
307 245 382 324 τοο
449 204 454 212 ’
608 250 833 323 mcarnom
863 245 1094 319 canaonas

309 414 741 495 moderationemve,
769 413 927 500 προδότας
955 415 991 477 δέ
1019 413 1077 493 τῆς
1097 412 1162 475 τοῖν
1196 403 1416 472 nordmanni

308 514 415 597 νόμων
435 521 582 596 ε’ξοοοιάς
603 518 679 592 νοός
701 516 893 590 ἐπισκόπους
907 512 965 579 κατ’
983 515 1064 578 θεοῦ
1084 504 1338 595 καταφρονητάς,
1365 500 1413 571 ὅτι

308 625 377 691 ταῖς
396 623 579 700 βασιλικαῖς
598 616 791 695 ·ὖπει’ξαντες
822 620 878 681 κατ’
893 666 897 681 .
910 615 1098 700 ἡττηθέντες
1126 612 1248 683 doixosa
1277 609 1413 689 δωρεαῖς

309 722 462 800 συνέχεον
483 717 524 783 τό
549 742 581 782 τε
605 720 662 800 τῆς
684 714 853 803 ἐκκλησίας
875 713 1046 801 πράγματα
1073 716 1128 778 κατ’
1148 708 1227 793 πρός
1247 732 1283 792 γε
1307 706 1347 791 δὴ
1372 704 1412 773 τό

241 824 364 903 ητῆς
383 817 520 900 έννόμοο
543 819 721 900 βασιλείας.
775 822 831 882 κατ’
858 818 914 881 ἕπτ’
939 815 1064 891 τοότοις
1092 815 1273 893 οἰναθέματί
1297 833 1330 875 τε
1353 810 1437 872 ου’-5

307 920 383 996 τοός
404 924 609 1002 καθοαέβαλε
629 922 685 985 κατ’
706 922 862 1003 χωρισμρῖ
886 919 976 984 θεοῦ.
1020 911 1040 979 d
1063 915 1101 999 δὴ
1123 912 1228 996 σοχνά
1246 911 1300 977 κατ’
1321 911 1412 993 δότην

288 1024 409 1107 ,βελῶν
443 1026 478 1087 ἐκ
509 1024 643 1087 Tradere
681 1018 870 1102 πεμπόμενα
901 1022 1028 1099 βλέπων
1062 1015 1079 1079 ὃ
1111 1018 1168 1099 τῆς
1197 1012 1413 1095 τιατριαχιιιῆς

307 1126 454 1202 ε’ξοοοέας
474 1116 550 1204 cipro
571 1124 801 1205 ἐπειλημμένος
825 1118 982 1195 Κόικτνος
1002 1116 1169 1201 η’γανιὶοαει
1190 1139 1226 1179 τε
1245 1118 1300 1177 κατ’
1321 1113 1414 1175 α’ντι-

307 1224 537 1310 μηχονοόμενος
559 1224 617 1288 oria
635 1222 746 1307 ἠμέλει
767 1219 809 1285 τό
833 1221 900 1286 ἴσα.
932 1216 1079 1303 σονόγονν
1096 1215 1156 1301 γὰρ
1181 1214 1256 1291 νοός
1278 1220 1414 1297 πλησιο-

306 1319 436 1408 χοόρονς
455 1322 664 1403 ἐπισκόπους,
694 1325 750 1385 καί
774 1317 844 1386 ὅσοι
864 1324 1029 1409 Βοζαντέιρ
1063 1318 1316 1400 ἐνδιατρίβοντες
1337 1312 1454 1379 ἔνο-10

305 1448 367 1508 χον
388 1424 643 1509 όπαναόηποτοόν,
659 1427 861 1509 ψηφίσματα
880 1424 1015 1499 ἐξιτόθει
1028 1444 1064 1485 τε
1086 1423 1141 1484 κατ’
1157 1421 1310 1498 διέπεμπε
1332 1442 1416 1480 παν-

305 1531 389 1615 ταχῇ
409 1521 593 1606 ἇναθέματό
609 1548 643 1590 τε
666 1526 722 1587 καί
747 1522 919 1609 όφορισμῷ
939 1524 1192 1604 παραπέμποντα
1214 1514 1411 1583 Κόλλιοτον.

307 1624 426 1707 ἔπεμπε
448 1630 485 1691 di
507 1627 649 1708 porilem
671 1634 735 1700 τοῖς
766 1626 800 1689 ἐν
813 1613 905 1709 'Alpa
924 1626 968 1710 τῷ
988 1615 1057 1704 ripas
1085 1616 1259 1702 μονόζοοσι
1280 1616 1319 1683 τό
1343 1641 1415 1681 τοι-

308 1731 390 1791 αῦτα
411 1728 616 1809 ψηφίσματα,
636 1730 864 1807 παραγγέλλων
880 1726 933 1787 ε’ττέ
957 1718 1075 1798 τούτοις
1092 1724 1166 1805 μηδ’
1188 1722 1219 1783 εἰ
1232 1722 1412 1803 βουληθείη

306 1830 383 1908 παρ’
406 1828 545 1901 ἐκείνους
561 1828 676 1911 φοιτᾶν
697 1828 852 1906 δέχεσθαι
868 1828 979 1889 τοῦτον
1001 1820 1051 1888 o‘t's’
1074 1826 1123 1887 s'n'
1138 1821 1313 1904 ἐγκλήμασι
1329 1824 1455 1885 Mra-15

308 1934 502 2001 οαλιανικοϊς
532 1927 671 2009 ἐννόμως
701 1930 936 2007 audomarim
972 1924 1029 1989 κατ’
1056 1924 1112 1988 οὐκ
1134 1928 1308 2005 ἐμμένοντα
1339 1931 1413 1996 ταῖς

308 2010 431 2107 dinosa,
453 2028 522 2091 αλλ’
554 2026 788 2111 οἶρχιερατιαοῖς
809 2022 985 2092 ἐπιτάττειν
1015 2026 1069 2089 κατ’
1092 2020 1338 2103 α’ναθεματιζειν
1359 2020 1417 2085 κατ’

308 2130 476 2212 α’φορόζειν
497 2128 784 2210 οἷναιαχοντοόντα.
826 2125 930 2209 χρεόν
949 2121 1006 2192 οὖν
1029 2122 1082 2191 διό
1104 2123 1207 2190 ταότοὶ
1227 2147 1272 2205 τε,
1292 2122 1349 2187 κατ’
1370 2121 1414 2195 τός

307 2221 369 2311 ἤδη
398 2233 452 2293 κατ’
483 2232 664 2304 σονοέικοϊς
695 2228 972 2310 όναθεματιομοῖς
994 2225 1250 2307 ’ὑποπεπτωκότα
1282 2227 1339 2288 κατ’
1368 2228 1414 2311 τῷ

309 2331 435 2393 irrisor?
455 2336 621 2418 χωριαμιρῖ,
643 2323 695 2395 οἷα
718 2329 894 2414 λόμνγντοῦ
915 2320 1010 2411 όροος
1030 2330 1210 2410 αἀοσοβιῖν.
1258 2318 1265 2324 ’
1422 2326 1457 2380 2⁰

241 2450 297 2505 n
408 2431 492 2496 'Euat'
515 2432 550 2495 δὲ
572 2430 610 2495 τό
633 2427 803 2514 πράγματα
826 2433 972 2512 καθάπερ
999 2428 1159 2513 όστρότοο
1177 2419 1413 2509 μεταπεσόντος

175 2534 382 2603 &wltaviae
403 2529 479 2616 ἔσχε
498 2531 686 2616 μεταβολήν,
710 2534 767 2595 κατ’
784 2533 828 2617 τῷ
855 2530 915 2611 μὲν
940 2533 1109 2617 Καλλίστῳ
1129 2530 1192 2595 τῶν
1213 2550 1413 2612 πατριαρχι-

308 2850 466 2920 Byzantinis
494 2858 626 2922 quotquot
650 2850 753 2906 illatum
781 2852 831 2905 sibi
852 2858 1048 2922 exaggerarent
1073 2852 1196 2905 iniuriam
1224 2858 1251 2905 et
1266 2850 1411 2905 moechum

310 2933 431 2993 apertum
449 2926 541 2978 dicens
560 2924 730 2978 Philotimum
750 2924 895 2978 coccinum
915 2932 942 2977 et
966 2926 1117 2991 proditores
1136 2924 1278 2990 potestatis
1298 2923 1412 2991 repula-

296 3014 367 3051 rum
393 3007 420 3049 et
444 2998 535 3065 legum
566 2999 708 3064 episcopos
738 3002 766 3049 et
787 2996 833 3047 dei
852 3004 1051 3062 contemtores,
1078 2998 1148 3063 qnod
1173 2996 1263 3062 regies
1293 2996 1365 3061 capti
1387 3002 1414 3045 et

310 3070 375 3121 victi
395 3071 500 3121 iniustis
525 3070 601 3121 donis
625 3070 770 3120 miscerent
799 3075 826 3119 et
845 3066 980 3121 ecelesiae
1005 3084 1049 3120 rea
1070 3074 1097 3117 et
1127 3066 1242 3134 legitimi
1269 3074 1413 3133 praeterea

310 3141 397 3206 regni.
445 3149 472 3191 et
497 3141 607 3205 insuper
636 3140 823 3192 exsecratione
849 3139 981 3191 subvertit
1007 3154 1053 3190 eos
1080 3144 1107 3188 et
1135 3137 1413 3189 excommunicatione

311 3210 421 3273 divina3
442 3226 511 3276 quae
541 3210 645 3276 quidem
677 3213 803 3263 continua
828 3219 855 3262 et
873 3208 989 3261 telorum
1007 3210 1123 3261 adinstar
1152 3224 1187 3261 ex
1204 3208 1310 3261 Tenedo
1331 3211 1413 3259 missa

311 3281 405 3331 videns
427 3281 620 3347 patriarchicae
642 3284 782 3347 potestatis
800 3296 886 3349 nuper
905 3282 1040 3347 particeps
1072 3280 1158 3333 iactus
1178 3280 1311 3335 coccinus
1330 3294 1414 3348 aegra

312 3350 416 3402 ferebat
435 3360 461 3402 et
480 3359 572 3401 contra
591 3351 750 3404 moliebatur
768 3369 858 3420 neque
886 3353 976 3403 eadem
995 3353 1110 3403 reiicere
1138 3351 1304 3421 negligebat.
1344 3366 1415 3401 con-

310 3424 415 3475 vocatis
436 3423 505 3473 enim
526 3424 652 3488 proximis
674 3424 808 3491 episcopis
830 3432 857 3475 et
874 3424 924 3488 iis,
944 3424 989 3491 qul
1009 3432 1063 3475 tum
1083 3422 1153 3475 lorte
1172 3423 1416 3491 quomodocunque
1484 3416 1495 3427 “

310 3494 435 3561 Byzantii
456 3494 641 3559 versabantur,
661 3494 769 3547 decreta
787 3496 927 3563 proposuit
946 3503 973 3546 et
990 3496 1076 3545 minus
1094 3494 1122 3547 in
1142 3508 1234 3545 omnes
1254 3501 1343 3560 partes
1365 3508 1417 3544 ex-

311 3568 463 3619 secratione
493 3574 520 3616 et
544 3566 714 3617 damnatione
740 3567 883 3617 comitante
904 3564 1052 3619 Callistum.
1076 3556 1175 3618 'misit
1194 3574 1281 3617 autem
1299 3566 1418 3615 maxime

311 3638 339 3689 iu
358 3639 429 3690 Atho
449 3646 539 3688 monte
559 3636 727 3688 versantibus
746 3636 883 3689 monachis
909 3637 972 3689 talia
992 3638 1100 3689 decreta
1127 3640 1260 3705 imperans
1278 3644 1417 3703 proterea,

312 3724 357 3774 ne,
376 3711 398 3759 si
419 3710 504 3761 vellet
531 3710 563 3761 ad
584 3707 647 3759 illos
666 3709 780 3771 venire,
807 3724 864 3759 eum
891 3710 1046 3775 reciperent
1073 3707 1191 3761 decretis
1219 3707 1418 3760 massalianicis

315 3779 454 3845 expulsum
472 3779 610 3849 legitime,
642 3794 693 3830 nec
715 3794 745 3829 se
764 3778 871 3832 iudiciis
892 3781 1028 3831 sistentem
1056 3796 1145 3849 neque
1170 3788 1309 3833 verentem
1327 3779 1419 3845 impe.

312 3850 386 3900 riose
411 3852 535 3901 mandare
563 3859 589 3901 et
619 3864 761 3901 exsecrare
781 3859 807 3901 et
827 3852 1072 3903 excommunicaret
1098 3868 1212 3904 necesse
1238 3850 1321 3918 igitur
1349 3864 1420 3917 pro.

312 3928 405 3988 pterea
426 3921 453 3972 et
473 3922 542 3989 qnod
570 3924 621 3973 iam
646 3922 782 3989 synodicis
810 3923 1038 3975 exsecrationibus
1058 3932 1130 3976 esset
1157 3924 1259 3975 eiectus
1280 3929 1307 3973 et
1325 3922 1421 3975 divina

312 3993 480 4045 damnatione
501 4000 624 4061 tanquam
643 4002 745 4061 pestem
764 3992 854 4044 finiam
874 4010 932 4045 eum
953 4010 1055 4046 arcere.

413 4080 554 4149 Postquam
583 4091 748 4147 artemam,
777 4083 852 4150 quasi
872 4082 969 4135 testula
998 4083 1106 4137 inversa
1125 4097 1223 4135 novam
1245 4088 1356 4148 experte
1379 4086 1423 4133 est

310 4154 520 4209 immutationem
540 4152 689 4209 etCallisto
704 4169 795 4211 rursus
815 4154 993 4223 patriarchica
1012 4155 1077 4209 sede
1095 4156 1179 4222 potiri
1198 4154 1322 4222 corripit,
1343 4152 1423 4209 coc-
