3017 4759
281 237 357 313 262
581 242 809 313 memoli!
839 240 1072 311 curnem

281 405 339 491 τὴν
358 405 562 491 ι’ξαγόριοσιν
582 406 795 491 ποιησάμενος
816 408 948 491 ταυτηνί
968 412 1038 487 μεν)
1063 406 1168 486 δλίγον
1187 406 1392 485 ἐξέπνευσεν,

282 506 328 584 τίς
349 511 405 571 καί
424 510 536 592 ψῆφον
562 510 766 592 ἐξενηνέχθαι
794 512 871 583 τέως
903 500 950 583 οἷς
972 510 1041 571 ἐκεῖ
1056 509 1281 587 σννετωτέροις
1303 500 1395 569 εἶναι

282 608 444 695 τττόχηκι,
463 608 508 695 μὴ
534 612 579 673 δι’
600 604 678 673 ἄλλο
698 634 730 673 τι
750 607 810 685 τός
823 613 934 691 βιαίας
955 609 1033 693 γοῦν
1053 604 1175 681 ταότας
1197 605 1255 669 καί
1272 613 1394 669 τελεα-

281 709 373 785 ταίας
399 713 615 793 ταμιευδῆναι
632 707 824 799 ξτιίνδριόπφ
850 708 950 786 πνοὰς
981 705 1062 792 πρός
1094 711 1175 769 θεοῦ
1200 702 1223 791 ἢ
1251 704 1306 770 διό
1329 705 1392 788 τὴν

285 814 349 875 τιδν
369 805 533 896 ῥηθέντων
555 807 769 892 έξαγόρεοοιν.
816 804 902 889 ὅμως
916 808 1024 892 ἐπειδὴ
1046 802 1131 871 καίό
1156 806 1311 889 δεότερος,
1325 796 1419 874 cai-5

284 934 336 985 τος
356 913 473 975 νεωστί
493 908 657 992 γενόμενος
678 905 775 990 τόμος
796 907 963 993 ἐληλοδοὶς
983 911 1019 973 ἐκ
1042 911 1100 971 τοῦ
1122 901 1217 991 όρονς
1236 910 1282 982 είς
1305 910 1394 990 ἐπη-

285 1034 358 1075 κοον
379 1010 550 1098 Καλλίστῳ
569 1034 605 1074 τι
636 1010 822 1094 α’νεγνιόσθη
850 1013 894 1097 τῷ
927 1005 1112 1095 πατριόρχη
1141 1010 1279 1082 καὶτοῖς
1305 1008 1392 1091 ἄμφ’

286 1109 386 1175 αότόν
406 1108 609 1194 ἐπισκόποις,
639 1115 686 1187 εἰς
707 1108 807 1194 δργὴν
835 1102 934 1185 αὖθις
962 1104 1070 1194 ἤγειρε
1100 1106 1155 1173 τόν
1186 1106 1394 1191 πατριδρχην

285 1216 341 1276 καί
362 1203 521 1297 ἄπρακτος
542 1215 751 1298 ἀπεπέμφθη,
779 1213 842 1277 τῶν
864 1212 947 1296 ἄμφ’
970 1211 1073 1275 αὐτὸν
1093 1206 1273 1277 ἐπισκόπων
1294 1208 1395 1272 οὐδὲν

157 1318 277 1378 iiiior·
285 1307 473 1397 εἰρηκότων,
508 1311 590 1377 ἄλλα
622 1320 743 1398 κωφοῖς
765 1310 911 1377 ἐοικότων
936 1303 956 1395 ἢ
976 1314 1080 1387 λίθοις
1104 1307 1322 1392 ἀναισθήτοις,
1341 1310 1394 1372 τί·
1405 1322 1435 1375 10

286 1423 358 1479 πεῖν
381 1411 586 1498 οἰκειότερον·
631 1409 717 1478 οότω
737 1408 994 1498 βοσκηματιόδιις
1008 1410 1074 1477 εἰσί
1092 1415 1147 1475 καί
1167 1416 1278 1476 παισίν
1302 1409 1393 1475 nibai.

287 1540 379 1599 ροοσι
399 1521 471 1581 λίαν
502 1518 669 1599 ἐπίχαρτοι
687 1512 910 1599 προσηκόντως
938 1510 1050 1577 οἶνόν
1078 1515 1143 1576 τῶν
1167 1508 1263 1593 ἱιριόν
1284 1508 1396 1595 καθή-

287 1640 378 1699 μτνοι
401 1614 568 1701 δογμάτων
603 1619 721 1700 κριταί.
765 1613 846 1680 α’λλό
875 1614 994 1679 τούτων
1013 1617 1074 1695 μὲν
1106 1609 1197 1695 ἅλις,
1228 1610 1395 1697 εἰρήσεται

288 1720 325 1783 δὲ
345 1717 427 1783 κατὰ
451 1719 562 1802 χώραν
584 1722 686 1784 ἰοῦσιν
708 1712 769 1784 όσα
789 1712 1024 1801 ἐπηκολούθησε
1037 1718 1143 1802 σφίσι.
1166 1717 1225 1779 νόν
1237 1718 1267 1779 δ’
1292 1712 1395 1779 έκεῖνο

289 1820 547 1900 ἐπαναλήψομαι.
1184 1906 1188 1911 .
1404 1824 1436 1876 15

224 1934 278 1990 65
385 1918 537 2006 Ἀφίκιτό
566 1946 615 1997 τις
647 1924 682 1986 έκ
713 1923 867 1987 Λατίνων
905 1921 1071 1995 ἐπίσκοπος
1111 1915 1199 2002 παρὰ
1240 1922 1393 2001 βασιλέα,

287 2018 434 2106 Ἰωάννην
458 2023 544 2108 φημί
568 2024 622 2087 ιὸν
646 2016 891 2106 Παλπιολόγον,
913 2026 1025 2107 φιλίας
1045 2022 1134 2085 ἓνεκα
1157 2017 1395 2103 προόπαρχοό-

289 2148 357 2208 σης,
377 2127 496 2210 σοφίας
515 2121 664 2209 ἔμπειρος
684 2121 787 2209 όπόση
808 2128 864 2188 καί
884 2125 937 2189 oin
960 2120 1018 2207 τὴν
1037 2125 1102 2187 τῶν
1122 2122 1271 2187 Λατίνων
1293 2123 1396 2187 οἰκει-

291 2226 386 2290 οῦται
406 2223 526 2311 σχολήν
548 2229 581 2292 έν
604 2227 812 2308 δογματικαῖς
837 2228 901 2291 ταῖν
922 2230 1022 2291 θείων
1048 2224 1244 2309 γραμμάτων
1266 2226 1396 2307 διατρι-

290 2329 374 2406 βαῖς.
417 2323 538 2412 ἔφασκε
561 2329 592 2391 δ’
616 2331 649 2392 έν
671 2337 740 2405 ταῖς
762 2330 836 2393 καθ’
860 2324 984 2410 ἡμέραν
1015 2325 1156 2407 ὁμιλίαις
1175 2330 1218 2415 τῷ
1239 2348 1274 2391 τι
1293 2327 1436 2407 βασι-20

292 2430 346 2489 λεῖ
361 2426 417 2491 καί
437 2417 484 2501 οἷς
506 2427 690 2511 ένιτόγχανι
716 2433 912 2515 σοφωτέροις
945 2430 1011 2519 ι’διζι
1041 2431 1097 2493 καί
1125 2431 1273 2515 δημοσίᾳ,
1292 2422 1396 2491 πολόν

293 2770 348 2824 uiri
367 2770 438 2838 quod
456 2784 537 2821 unum
557 2775 659 2823 tantum
676 2772 880 2840 significandum
898 2774 949 2827 init
967 2773 1029 2841 boc,
1048 2776 1097 2829 sub
1115 2774 1228 2829 testibua
1246 2774 1304 2827 iilis
1324 2790 1392 2828 con.

295 2842 416 2896 sessione
436 2840 504 2893 baec
522 2841 601 2908 iacta,
621 2858 683 2895 mox
701 2841 843 2897 exhalasse
862 2847 974 2897 animam
992 2846 1079 2913 iilum,
1098 2855 1129 2898 ut
1147 2848 1225 2899 etiam
1239 2848 1393 2916 suffragium

295 2915 325 2966 in
342 2913 429 2965 iucem
448 2921 502 2965 tum
521 2914 556 2966 sit
575 2915 608 2967 iis
627 2923 805 2981 protractum,
827 2916 922 2983 quibus
947 2918 1204 2986 intelligentioribus
1225 2934 1285 2971 esse
1303 2920 1393 2972 conti.

295 2985 345 3056 git,
365 3000 401 3037 ne
419 2992 530 3052 propter
549 2984 623 3039 aliud
638 2986 702 3055 quid
720 2985 856 3039 violentos
871 2987 919 3041 hos
939 2998 967 3040 ct
982 2989 1090 3042 ultimos
1109 2992 1197 3057 parari
1217 2989 1317 3041 bomini
1335 2992 1393 3058 spi-

295 3058 362 3109 ritus
381 3057 518 3107 credamus
538 3073 553 3107 a
572 3059 633 3122 deo,
652 3073 730 3126 quum
751 3066 781 3110 ut
800 3073 832 3109 ea
850 3074 919 3127 quae
937 3062 1008 3113 dieta
1026 3070 1097 3126 sunt,
1116 3063 1310 3128 pronuntiaret.
1349 3069 1393 3113 at-
1496 3092 1497 3117 ;

295 3136 384 3179 tamen
403 3135 541 3195 postquam
571 3130 649 3180 etiam
670 3130 802 3181 sccundus
832 3128 876 3181 bic
894 3146 982 3197 nuper
1000 3134 1109 3185 advenit
1128 3142 1214 3185 tomus
1242 3148 1276 3184 ex
1294 3140 1392 3195 monte,

297 3205 324 3249 et
344 3197 414 3247 uude
433 3198 519 3249 audiri
534 3208 635 3264 posset,
654 3199 767 3252 Callisto
779 3202 910 3253 recitatus
930 3211 970 3253 ost
982 3204 1150 3271 patriarchae
1169 3212 1196 3257 et
1214 3206 1247 3255 iis
1258 3206 1303 3272 qui
1322 3205 1392 3255 circu
1476 3202 1483 3213 “

298 3283 357 3319 eum
378 3275 453 3317 eraut
475 3270 619 3336 episcopis,
637 3271 666 3321 iu
684 3272 750 3323 iram
770 3288 861 3325 rursus
881 3274 998 3325 coniecit
1015 3275 1192 3341 patriarcham
1206 3285 1233 3328 et
1246 3276 1346 3327 iniecta
1363 3290 1394 3325 re
1496 3306 1497 3321 ι

297 3338 419 3391 dimissus
439 3345 488 3401 est,
509 3340 642 3407 episcopis
661 3358 727 3409 quos
746 3357 838 3395 secum
855 3344 970 3397 babebat
984 3342 1053 3397 nibil
1073 3346 1179 3411 locutis,
1198 3347 1246 3399 sed
1264 3354 1392 3398 mutorum

298 3409 433 3461 bominum
459 3410 577 3475 speciem
602 3410 781 3467 referentibus
808 3424 835 3467 et
853 3415 968 3483 lapidum
987 3433 1069 3469 sensu
1089 3418 1256 3482 carentium,
1277 3419 1322 3485 qui
1340 3431 1393 3468 non

298 3486 410 3549 possunt
429 3478 500 3547 qnod
518 3487 606 3547 aptum
625 3482 660 3533 sit
680 3484 781 3536 dicere.
818 3487 855 3539 ita
873 3488 1015 3554 pecoribus
1035 3488 1137 3541 similes
1149 3497 1211 3541 sunt
1224 3497 1250 3540 et
1268 3487 1393 3555 petulan-
1496 3498 1497 3519 ¹

297 3552 368 3603 tibus
390 3552 479 3618 pueris
499 3551 579 3603 valde
598 3551 738 3605 ludibriosi
756 3559 851 3609 merito
870 3558 907 3623 ii,
927 3561 972 3627 qui
991 3575 1061 3611 nunc
1089 3575 1225 3612 sacrorum
1246 3560 1394 3628 dogmatum

298 3624 393 3678 sedent
411 3623 523 3675 iudices.
561 3624 609 3674 sed
633 3624 666 3674 de
685 3623 726 3675 his
746 3626 820 3679 satis.
866 3630 1017 3682 narrabitur
1036 3638 1124 3683 autem
1150 3639 1275 3700 qnantum
1294 3629 1350 3683 illis
1367 3632 1395 3680 iu

298 3694 369 3779 hune
388 3694 476 3746 locum
497 3694 619 3749 euntibus
637 3702 756 3748 secutum
781 3699 816 3750 sit
833 3700 1019 3755 multitudinis.
1066 3718 1138 3754 nuno
1156 3701 1224 3754 illud
1243 3717 1334 3755 rursus
1352 3709 1395 3753 at-

297 3773 408 3833 ungam.

396 3859 550 3913 Advenerat
577 3860 674 3931 aliquis
700 3879 733 3914 ex
757 3864 910 3919 Latinorum
936 3870 1069 3937 episcopis
1098 3869 1131 3921 ad
1158 3884 1249 3938 regem
1271 3869 1396 3922 loannem

299 3927 491 3998 Palaeologunr
516 3933 576 3983 dico
603 3942 712 4001 propter
729 3936 889 4004 amicitiam,
919 3954 988 4008 qnae
1004 3942 1055 3993 inm
1074 3948 1136 3993 ante
1154 3942 1224 3993 inter
1246 3954 1292 3992 eos
1311 3942 1397 3991 inter.

301 4008 432 4057 cesserat.
468 4005 617 4069 sapientiae
635 4021 735 4073 gnarus
761 4007 804 4058 hic
825 4017 891 4073 erat,
910 4020 1007 4079 quanta
1027 4019 1054 4063 et
1072 4011 1158 4081 qualis
1176 4012 1328 4064 Latinorum
1349 4011 1399 4062 ob.

306 4076 376 4129 tinet
394 4072 514 4127 scholam
537 4076 565 4127 iu
590 4077 747 4144 dogmaticis
772 4078 919 4133 litterarum
938 4084 1086 4136 divinarum
1111 4082 1321 4153 quaestionibus.
1358 4082 1401 4133 di-

307 4146 417 4213 otitsbst
439 4152 527 4209 sutem
555 4146 583 4200 in
608 4149 771 4217 quotidianis
794 4154 960 4211 sermonibus
988 4161 1016 4208 et
1032 4157 1091 4225 regi
1110 4162 1138 4209 ct
1160 4154 1184 4207 si
1203 4156 1249 4225 qui
1267 4154 1338 4207 rorte
1356 4168 1401 4209 sa·
