3017 4759
195 272 1075 395 arsionibusimminuerunt‘bt-tt.
1136 273 1210 361 ele

19 480 23 510 ι
103 448 175 532 γήνζ
218 446 325 533 τρόπον
346 448 380 513 δέ
401 452 470 525 πιῧς
502 446 600 513 πολὺν
628 445 690 535 ήδη
709 451 830 536 χρόνον
853 451 1126 539 κάτηγοροόμενον
1156 452 1338 521 roci-wo.

104 546 267 631 Σκόρπιον
290 550 323 613 ἐν
356 549 472 631 ἀκμαῖς
500 550 550 614 ἀεὶ
578 560 767 636 πρακτικαῖς
798 556 855 637 τῆς
882 554 1029 640 τοῐαότης
1055 555 1210 643 αἱρέσεως

106 642 196 711 εἶναι
203 694 212 725 ,
248 646 303 713 καί
324 654 450 715 πολλῶν
471 650 652 736 ἐρχομένων
675 654 873 741 γραμμάτων
900 658 935 719 ἐκ
954 658 1017 719 τιὺν
1035 659 1091 719 τοὺ
1114 652 1211 743 ὄρους’

16 792 18 823 ;
104 747 221 829 τιμέων
238 746 363 834 ἀνδρῶν
377 751 544 835 προδήλως
564 750 620 837 τήν
635 754 775 839 ἀρχαιάν
787 757 843 819 eal
861 757 961 841 μέχρι
971 759 1027 821 νὺν
1048 756 1210 823 ἀνθοῦσαν

16 898 18 927 ,
75 848 228 914 δέκεόνου
253 851 367 915 κακιάν
386 853 627 936 ἐξελεγχόντων,
652 853 745 931 αὑτός
764 855 815 919 ἀεὶ
838 856 999 942 περιέπων
1016 856 1208 944 ἐγκαρτερεῖ,

16 1016 17 1025 ¹
106 947 281 1031 πρόμαχος
305 944 437 1031 ,τέμαχος
464 953 571 1037 ἐκεόνφ
603 953 845 1037 γενόμενοςκαί
868 958 980 1031 στόλος
1002 958 1103 1046 εἰπεῖν
1126 956 1206 1021 ἀὺα-

102 1047 263 1129 μάντινος,
286 1048 341 1113 καί
362 1052 476 1134 θαγμά
506 1055 607 1133 βοῶν,
630 1054 686 1117 καί
706 1055 766 1139 γήν
789 1054 960 1141 ἀναμιγνὺς
983 1056 1128 1143 οὐρανῷ,
1150 1059 1206 1123 καί
1258 1058 1274 1072 ’“

104 1146 187 1211 κατά
210 1148 281 1225 τοὺς
302 1150 514 1233 μαινομένους
534 1154 569 1218 τὸ
589 1157 646 1237 τῆς
660 1155 788 1241 γνοόμης
810 1155 977 1239 ἱστάμενον
997 1148 1206 1241 ἐλαυνόμενος

103 1250 162 1312 καί
183 1248 301 1325 πάντας
327 1250 506 1333 ἀναθέματι
534 1251 667 1342 μακρρλ
681 1254 928 1340 παραπέμπων,
951 1256 1011 1337 οὑχ
1033 1258 1067 1322 οἲ
1084 1256 1206 1335 τούτοις

56 1365 94 1418 10
104 1346 268 1428 ἐνέχονται
287 1355 354 1424 τοῖς
382 1350 590 1435 ἐγκλήμασιν,
625 1352 692 1415 ἀλλ’
727 1354 760 1417 oi*
788 1356 835 1439 τηῖ
855 1356 1004 1441 Σκορπόῳ
1027 1354 1206 1442 ένεχομέντγ

103 1447 280 1533 προφέρειν
313 1446 413 1531 ἥκιστ’
450 1450 587 1515 ἀκνοὺσι.
639 1452 694 1517 καί
716 1452 864 1539 τέταρτον
884 1451 933 1517 ότι
956 1457 1011 1518 καί
1028 1456 1128 1540 μέχρι
1149 1458 1269 1519 arim

103 1546 186 1633 ὑρᾶν
208 1548 410 1633 ἰσχυριζεται
428 1547 481 1614 τόν
495 1552 593 1633 μόνον
609 1550 822 1617 ἀναλλοι’ωτόν
830 1576 866 1619 τε
881 1555 937 1618 καί
958 1551 1103 1621 άκτιστον
1116 1555 1205 1632 θεόν,

103 1650 174 1734 φῶς
194 1646 301 1733 ἕτερόν
318 1672 352 1713 τε
374 1650 429 1714 καί
453 1647 598 1715 οἴκτιστον
618 1654 655 1715 έιι
674 1657 853 1738 μεταβολῆς
874 1653 954 1741 πρὸς
974 1653 1009 1719 τό
1032 1653 1203 1741 ὑφειμένον

100 1750 265 1836 γινόμενον
287 1748 375 1836 αὑτηῖ
395 1755 560 1837 τρυφῶντι
582 1752 638 1817 καί
657 1756 891 1842 βλακεοομένιγ.
912 1759 1012 1821 ταῦτα
1028 1754 1201 1850 όήίπάντα,

52 1849 157 1931 15καί
177 1852 205 1913 εἰ
225 1875 256 1913 τι
278 1850 397 1915 τούτων
418 1850 572 1930 ἐπέκεινα,
596 1854 766 1937 προτάσεις
783 1857 872 1931 τινὰς
902 1855 1076 1930 ἐκτιθέντες
1098 1855 1200 1939 ἀναμ-

103 1948 256 2035 φιβόλους
286 1950 564 2037 ἀναμφισβήτητον
586 1951 638 2029 οὑς
675 1952 759 2030 εἰκός
786 1956 902 2041 ἐπῆγον
930 1955 985 2019 καί
1013 1952 1049 2019 τό
1074 1958 1204 2039 συμπέ-Ἱ

102 2076 222 2137 ρασμα,
245 2056 326 2135 λέγω
362 2050 399 2135 δή
433 2052 467 2116 τὸ
492 2054 710 2139 Μασαλιανὸν
731 2052 888 2141 ὑπάρχειν
922 2054 1018 2120 αὑτόν
1040 2058 1072 2133 ἔξ
1096 2057 1200 2140 ἀρχῆς
1252 2068 1269 2108 ’ἲ

16 2224 17 2227 ¹
100 2152 207 2216 τε·καί
226 2152 325 2237 μέχρι
342 2152 747 2241 τήμερονάναμφιλεκτον·
772 2150 937 2243 εἶναιγὰρ
959 2157 1085 2239 ἀξίωμα
1105 2158 1197 2221 rorico

100 2251 202 2315 πάλαι
223 2252 373 2336 κυρωθὲν
393 2259 458 2328 τοῖς
477 2276 510 2317 τε
533 2254 678 2338 θύραθεν
699 2256 755 2319 καί
774 2253 940 2341 ἡμετέροις
952 2258 1020 2319 τοῖν
1043 2254 1197 2319 διδασκά-

46 2362 90 2417 20
99 2358 172 2429 λων,
194 2354 226 2430 ἐξ
252 2352 381 2436 ἀληθῶν
403 2354 458 2418 καὶ
481 2354 727 2440 ἀναμφιλέκτων
743 2355 896 2442 ὑρωνκαὶ
914 2354 1099 2442 προτάσεως
1121 2354 1200 2439 ἄλη-

16 2540 17 2545 ¹
100 2454 157 2528 θὲς
178 2450 259 2535 ὑμοῦ
282 2454 336 2519 καὶ
366 2454 645 2541 ἀναντίρρητονέξ
672 2455 808 2542 ἀνάγκης
837 2451 920 2521 εἶναι
939 2456 1048 2521 καὶτὸ
1072 2457 1197 2537 συμπέ-

53 2578 58 2593 ’
101 2578 220 2639 ρασμα.
271 2555 325 2620 καὶ
352 2558 425 2635 ’τάχ’
451 2551 490 2619 ἀν
511 2557 661 2633 beneseto
687 2560 743 2641 τῆς
773 2558 983 2641 ἐπισκοπικῆς
1001 2556 1093 2634 ἀξίας
1116 2557 1262 2633 vorem
1298 2559 1309 2622 .’

16 2660 17 2663 ’
98 2654 128 2716 εἰ
145 2652 190 2738 μή
213 2655 314 2746 ὑειλόηι
336 2657 391 2721 καί
406 2656 495 2744 φόβῳ
512 2657 685 2739 συσχεθεὶς
704 2654 798 2734 αὑτὸς
817 2655 1049 2744 ὑπερβάλλοντι
1065 2655 1122 2741 τήν
1136 2657 1195 2740 μὲν

16 3036 18 3053 ,
97 2993 191 3055 putans
218 2998 251 3035 eo
275 2998 305 3035 se
323 2983 457 3052 refugium
480 2982 580 3035 hebere
608 2982 640 3035 ab
667 2982 860 3035 defensionem.
903 2983 983 3034 tertia
1009 2997 1098 3046 vero,
1123 2985 1194 3052 quod

16 3058 18 3067 ²
97 3056 269 3122 Scorpionem
288 3056 339 3105 iam
359 3054 442 3121 longo
463 3070 496 3105 ex
514 3062 633 3121 tempore
651 3062 805 3106 accusatum·
822 3053 867 3122 qui
886 3054 1107 3119 primas,semper
1129 3069 1194 3120 par.

97 3138 137 3180 tes
157 3128 183 3178 in
206 3126 314 3177 haeresi
333 3124 381 3177 ille
403 3134 559 3190 exerceret,
585 3134 611 3177 et
637 3128 665 3177 in
685 3142 761 3193 quem
783 3125 865 3175 multa
884 3125 983 3190 scripta
1002 3123 1112 3193 vulgato
1131 3133 1193 3177 sunt

98 3200 196 3251 oriris
217 3199 244 3249 in
264 3205 353 3249 monte
374 3196 537 3263 praeclaris,
569 3212 637 3264 quae
666 3196 751 3264 pelam
775 3204 802 3247 et
819 3195 905 3256 adbuc
926 3196 1046 3247 florentis
1067 3196 1193 3262 impieta.

97 3272 131 3321 lis
150 3286 208 3321 eum
227 3270 419 3333 convicerunt,
451 3269 509 3335 ipse
528 3282 633 3335 semper
660 3268 779 3337 protegit
800 3274 826 3318 et
846 3267 939 3318 incitat
963 3275 992 3317 ut
1009 3276 1193 3334 propugnator

17 3398 18 3401 χ
97 3342 139 3392 cui
157 3341 209 3407 ipsi
229 3356 283 3393 non
302 3342 486 3409 impugnatur,
514 3345 540 3389 et
560 3347 589 3390 ut
610 3338 734 3389 columna
758 3338 938 3402 adamantina3
959 3340 1029 3405 qood
1051 3333 1128 3391 vocis
1144 3347 1191 3391 tu.

16 3416 18 3481 ᾗ
95 3412 207 3463 multum
226 3412 280 3463 edit
310 3420 337 3462 et
357 3419 453 3463 terram
473 3407 551 3462 coelo
584 3412 738 3463 commiscet
764 3418 791 3461 et
818 3424 894 3461 more
916 3410 1069 3461 insanorum
1093 3412 1190 3462 mentis

96 3482 264 3535 stabilitatem
282 3490 374 3535 seruat
396 3491 423 3534 et
441 3482 517 3552 graui
537 3483 722 3533 exsecratione
744 3496 835 3533 omnes
853 3480 903 3549 qui¹
918 3482 989 3533 omni
1008 3483 1118 3534 crimine
1139 3497 1190 3532 vuav

16 3564 18 3605 I
39 3566 46 3575 '
97 3556 139 3605 cui
158 3562 218 3607 sunt
240 3555 398 3606 condemnet
416 3562 559 3621 propterea
585 3554 655 3622 quod
674 3552 848 3619 Scorpionem
866 3568 993 3605 accusare
1014 3567 1066 3603 uon
1086 3554 1190 3602 timent.

95 3634 186 3693 quartu
205 3626 338 3694 denique,
370 3626 438 3694 quod
467 3626 499 3676 od
518 3626 588 3677 hunc
618 3626 686 3677 diem
710 3623 938 3692 comprehendere
954 3639 992 3676 se
1020 3622 1085 3673 dicit
1103 3621 1190 3673 solum

94 3697 282 3748 immutabilem
301 3705 328 3748 et
346 3697 492 3748 increatum
517 3698 609 3763 deum,
630 3696 721 3747 lumen
740 3696 852 3748 alterum
872 3697 1082 3756 elimentum,
1107 3702 1137 3745 ut
1156 3707 1190 3743 ex

16 3772 18 3789 ”
93 3767 268 3819 translatione
292 3769 325 3819 ad
350 3768 497 3820 subiectum
528 3769 677 3835 proiectum
704 3767 832 3819 insolenti
856 3765 898 3816 illi
925 3772 952 3815 et
973 3764 1098 3816 clementi.
1146 3763 1189 3815 his

94 3853 158 3890 vero
179 3847 206 3891 et
223 3838 284 3889 aliis
303 3841 413 3907 insuper
431 3847 552 3905 tauquam
576 3839 804 3905 propositionibus
833 3835 944 3902 prolatis
965 3836 1072 3887 minime
1091 3835 1189 3899 dubiis,
1281 3840 1288 3851 '

16 3904 18 3931 ⁵
93 3917 122 3961 ut
140 3916 346 3960 consentaneum
376 3918 417 3962 est
441 3909 648 3961 conclusionem
674 3925 728 3961 non
757 3908 862 3960 dubiam
888 3906 1061 3971 adiecerunt,
1081 3907 1189 3958 scilieet

17 3996 18 4003 ¹
93 3982 157 4032 citra
183 3982 392 4032 controversiam
420 3996 495 4044 esse,
518 3996 575 4031 cum
597 3980 629 4031 ab
650 3981 725 4031 initio
756 3978 835 4030 etad
860 3977 887 4028 irl
905 3985 1009 4044 tempus
1028 3977 1188 4031 llasalianae

92 4052 199 4104 haeresi
215 4050 347 4103 addictum
363 4052 455 4105 luisse.
494 4050 545 4102 boo
565 4052 635 4103 enim
647 4052 752 4102 axioma
774 4048 853 4101 valde
871 4049 1009 4115 probatam
1030 4057 1071 4100 est
1090 4057 1117 4099 et
1138 4062 1188 4097 ex-

91 4124 172 4175 ternis
193 4129 219 4174 et
236 4122 346 4188 nostris,
359 4123 504 4192 magistris,
523 4138 539 4173 e
552 4124 626 4174 aeris
643 4130 670 4173 et
687 4135 740 4174 non
754 4120 886 4187 ambiguis
898 4119 1124 4187 propositionibus
1136 4134 1189 4169 ve.

90 4209 144 4249 nour
162 4202 189 4247 et
208 4194 360 4246 evidentem
378 4194 578 4247 conclusionem
596 4194 751 4247 necessario
771 4192 911 4260 consequi.
931 4191 1100 4259 quamobrem
1118 4190 1189 4262 ioris

180 4289 345 4363 Nicspltocss
363 4290 473 4363 (ἕτεροι.
499 4288 554 4345 Vel.
575 4288 631 4346 111.
955 4288 991 4341 35
