3017 4759
183 256 412 325 ntsromnn
429 236 687 323 ετκλυνιαλσ
705 258 846 324 xxxo
871 237 1059 322 λΟ-λὸ.
1118 231 1210 321 ’σεε
1235 211 1242 235 “

49 504 52 507 1
93 416 157 503 ρέα
177 418 224 503 τῷ
245 420 302 501 τῆς
325 416 693 493 Κωνσταντινουπόλεως
723 415 890 483 ὑπείκοντα
920 416 1036 502 θρόνῳ,
1059 416 1114 478 καί
1133 413 1193 481 ono*

90 517 208 581 τούτο-υ
229 517 270 581 τοὶ
289 518 410 602 νόμιμα
435 517 589 609 δέχεσθαι
610 522 665 602 τῆς
688 518 790 603 ἀρχῆς
818 518 875 600 τῆς
896 517 1127 599 πνευματικῆς·
1151 509 1196 583 εἶ.-

32 636 33 663 ³
73 642 153 710 ‘vos
172 620 200 682 δ’
225 617 319 683 αύτὸν
340 618 395 683 καί
414 621 470 684 νύν
488 620 547 701 μὲν
565 621 601 683 ἐκ
620 622 682 683 τῶν
701 620 780 705 τῇδε
802 617 926 704 φύντων
948 615 1030 699 όμοῦ
1051 617 1196 701 καίτρα-
1255 647 1259 651 ·

96 718 231 803 φύντων,
248 719 425 803 ἀμοιβαδὸν
436 718 493 804 τὴν
508 722 577 785 ἐκεῖ
587 720 763 806 προεδρίαν
781 718 832 783 ἀεί
852 718 1096 801 διαδεχομένων,
1118 712 1198 806 μετὰ

64 818 151 885 5τόν
175 820 337 907 προτέρου
352 821 489 887 θόνατον
511 822 694 907 παραλλιύξ,
715 816 759 895 cic
782 816 820 883 δν
841 817 876 884 τό
898 827 963 884 τοῖν
987 820 1076 883 δυοῖν
1096 823 1198 902 μενοῖν

97 920 244 1005 συναφὲς
265 918 383 985 οότωσί
399 921 625 1005 βεβαιούμενον
647 921 703 985 καί
723 920 916 1007 πυρούμενον
936 918 1145 1003 βεβαιοτέραν
1166 920 1198 993 ές

94 1016 131 1081 τό
159 1017 315 1102 ἀκήρατόν
344 1044 377 1084 τε
409 1020 464 1085 καί
499 1021 672 1107 ἀκραιφνὲς
700 1024 755 1085 καί
784 1018 840 1103 την
870 1022 926 1102 τῆς
953 1018 1090 1098 πίστεως
1117 1018 1197 1099 σύμ-

96 1142 212 1183 πνοιαν
224 1118 281 1204 ἔχη
295 1122 462 1206 φυλάττειν
484 1121 534 1185 oisc*
554 1122 609 1186 καί
626 1122 850 1205 μονιμωτέραν
861 1116 917 1203 τὴν
937 1118 1048 1184 οόσίαν
1063 1118 1119 1181 καί
1130 1116 1198 1180 δύ-

94 1243 203 1302 ναμιν.
247 1220 303 1283 καί
324 1220 374 1284 ἵνα
395 1222 453 1285 τᾶν
474 1229 562 1307 με’σφ
583 1224 747 1308 παρέλθω,
770 1223 825 1305 τῆς
839 1219 1012 1303 ἐνεστώσης
1033 1217 1118 1303 ἡμᾶς
1144 1219 1265 1283 (ἰν-24

45 1334 84 1387 10
96 1320 337 1405 τιπερισπιόσης
352 1320 418 1404 ἅμα
442 1322 497 1386 καί
512 1322 725 1407 δνθελκούσης
747 1323 871 1408 χρειάς,
893 1316 932 1404 ἦν
954 1318 1016 1405 πρό
1039 1322 1117 1384 ἐτῶν
1136 1316 1198 1404 ἤδη

98 1424 228 1500 συχνῶν
255 1423 289 1485 ἐκ
311 1426 373 1486 τῶν
395 1426 471 1486 καθ’
496 1420 582 1505 ἡμᾶς
607 1425 798 1507 Ναζιραίων
820 1424 923 1486 ἐκεῖσε
945 1421 1107 1507 πεμφθείς
1128 1421 1198 1485 ἐπί-
1290 1446 1296 1472 ¹

96 1545 231 1598 σκοπος,
268 1518 396 1597 συνετός
425 1519 502 1607 ἀνὴρ
540 1523 595 1586 καί
627 1520 791 1607 θεοφιλής,
815 1521 1016 1605 Θεόγνωστος
1037 1516 1197 1602 τοῦνομα·

97 1621 153 1684 καί
175 1616 217 1703 ἦν
243 1621 543 1707 α”ποκεκληρωμένον
564 1623 598 1685 ἐκ
620 1623 739 1685 πολλοῦ
767 1624 823 1685 τοῦ
843 1620 1070 1706 παρφχηκότος
1090 1620 1197 1705 ἐκείνῳ

97 1722 144 1806 τῷ
170 1720 259 1785 ἔθνει
291 1721 417 1803 τέμενος
439 1720 525 1806 ἱερὸν
547 1724 592 1798 εἷς
608 1721 804 1807 μητρόπολιν
826 1721 970 1805 Κύμεβον
993 1718 1200 1795 ούτωσίπως

50 1820 308 1902 15καλούμενον,
357 1811 378 1883 ’ὃ
403 1818 441 1903 δὴ
465 1812 536 1906 πρόΙ
545 1820 685 1905 βραχέος
717 1819 959 1905 ἐπιδραμόντων
981 1821 1200 1885 Σκυθῶντιόν

96 1921 307 2007 βορειοτέρων
339 1922 454 2005 ἐρημία
487 1919 568 1984 κατὰ
594 1919 650 2004 τὴν
682 1921 858 2006 παροιμίαν
887 1920 1019 2005 κατέστη
1052 1923 1199 1998 Σκυθῶν,

99 2017 142 2096 ιός
169 2024 286 2105 μηκέθ
320 2020 427 2085 ἱκανόν
462 2022 506 2096 εἰς
542 2022 717 2107 προεδρίαν
750 2020 805 2085 καί
840 2024 956 2105 θρόνον
994 2018 1079 2097 ἄξιον
1116 2013 1199 2083 εἶναι

97 2124 154 2185 τού
184 2124 239 2205 τῆς
274 2122 447 2205 καθολικῆς
476 2122 650 2186 ἐπισκόπου
678 2120 825 2197 Ῥωσίας.
881 2120 930 2185 διὸ
958 2122 1014 2185 καί
1038 2121 1264 2203 pretonico-25

99 2226 160 2286 θαι
192 2220 226 2286 τό
267 2224 376 2307 σχῆμα
413 2226 469 2307 τῆς
504 2223 728 2311 μητροπόλεως
767 2222 884 2307 οἷνύγκη
917 2220 1079 2307 γεγένηται
1119 2219 1201 2307 πρὸς

52 2320 206 2407 ἳθέτερόν
226 2344 295 2386 τινα
320 2325 366 2408 τῇ
394 2324 540 2410 παρούσῃ
573 2325 769 2409 προσήκοντα
798 2324 895 2412 χρείη
918 2324 1023 2387 τύπον.
1073 2318 1108 2387 τό
1136 2320 1199 2407 γὰρ

100 2420 193 2497 ἔθνος
214 2420 298 2487 ἅπαν
328 2424 427 2487 έκεῖνο
454 2427 518 2488 τοῖν
545 2421 638 2501 Patr,
666 2423 997 2511 πολυανθρωπότατόν
1024 2447 1057 2486 τε
1088 2418 1124 2487 δν
1146 2422 1202 2487 καὶ

100 2521 234 2599 πολλούς
261 2547 357 2611 ,τινας
376 2524 503 2603 τόπους
539 2525 595 2591 καί
623 2524 800 2611 διαφόρους
832 2526 866 2589 έκ
895 2524 1114 2610 παλαιοτέρων
1138 2527 1201 2588 τῶν
1243 2555 1249 2561 ·

98 2623 226 2709 χρόνων
243 2624 423 2707 νεμόμενον,
447 2626 492 2703 είς
525 2634 610 2713 τρεῖς
640 2652 702 2691 που
725 2627 782 2691 καί
811 2624 961 2713 τέτταρας
993 2623 1080 2710 ἔφθη
1115 2626 1200 2688 διαι-

103 2724 196 2809 ρεθὲν
215 2722 272 2801 τὰς
296 2723 399 2811 ἀρχὰς
418 2728 474 2794 καί
495 2726 665 2813 ἡγεμονίας
687 2729 721 2792 έκ
742 2728 869 2792 πολλού.
899 2728 956 2792 τού
976 2727 1011 2790 δὲ
1034 2730 1124 2791 θειόο
1146 2724 1201 2807 τῆς

57 2823 267 2909 25εόσεβείας
307 2828 507 2914 κηρύγματος
535 2829 579 2892 έν
600 2826 746 2916 όστέροις
781 2834 905 2914 καιροῖς
936 2824 1203 2910 ἐπιδεδημηκότας

103 2926 185 3003 ἐκεῖ,
217 2925 258 2989 τὰ
278 2929 378 2993 πλείω
407 2928 467 3009 μὲν
491 2926 594 2993 αύτῶν
628 2926 725 2992 αὐτοῦ
752 2952 789 3014 ηε
818 2926 990 3013 έδρόξαντο
1018 2923 1111 3009 μέρη,
1136 2921 1203 3005 ἅμα

107 3239 162 3293 sedi
180 3239 315 3292 subiectus
336 3248 363 3293 et
381 3240 443 3293 inde
471 3241 615 3295 animorum
646 3243 822 3312 regendarum
839 3238 947 3308 legibus
973 3238 1119 3290 institutus.
1157 3235 1204 3303 qui

106 3311 182 3362 modo
203 3327 236 3363 ex
262 3319 344 3380 gente
360 3312 425 3377 illo,
445 3313 527 3365 modo
543 3330 577 3365 ex
593 3322 684 3367 nostra
704 3322 775 3365 tcrra
795 3312 864 3364 natis
884 3310 1056 3377 educatisque
1074 3314 1135 3375 post
1152 3322 1204 3359 an·
1299 3313 1302 3320 “

107 3382 254 3433 tecedentis
275 3391 385 3435 mortem
405 3392 496 3435 mutuo
516 3385 606 3437 sedem
621 3393 744 3453 occupat,
763 3386 801 3435 ita
819 3392 850 3436 ut
869 3384 939 3434 inter
960 3383 1023 3434 duas
1041 3387 1137 3447 gentes
1154 3379 1204 3430 iir-

108 3454 175 3511 mior
193 3454 344 3505 coniunctio
372 3462 398 3506 et
416 3456 518 3509 tirmior
544 3464 661 3524 potestas
689 3456 719 3508 ad
739 3457 920 3522 incorruptam
948 3460 975 3504 et
993 3452 1123 3503 sinceram
1141 3449 1205 3501 iidei

109 3524 232 3574 unitatem
252 3526 407 3577 conservari
427 3528 521 3592 possit.
559 3536 638 3596 atque
656 3535 686 3578 ut
702 3528 846 3578 remotiora
869 3526 996 3587 omittam,
1016 3522 1094 3573 huius
1114 3520 1204 3585 operis

108 3594 268 3645 necessitate
287 3595 395 3659 ductus,
422 3598 473 3649 fuit
501 3614 533 3651 ex
554 3598 621 3667 illue
642 3599 729 3651 missis
748 3598 891 3651 Nazaraeis
921 3597 966 3664 qui
986 3592 1055 3658 apud
1074 3605 1125 3640 110³
1144 3595 1205 3640 sunt

111 3666 249 3730 episcopus
268 3666 373 3728 missos,
393 3668 436 3718 vir
453 3671 569 3735 proderis
595 3678 622 3723 et
642 3670 702 3737 pius
726 3672 834 3721 nornine
858 3667 1053 3732 theognostus.
1089 3661 1152 3729 inde
1171 3658 1204 3710 ab

110 3734 256 3803 longinquo
275 3744 396 3803 tempore
417 3741 491 3804 genti
508 3739 550 3791 itti
571 3732 684 3793 electum
706 3748 763 3792 erat
785 3738 912 3806 tempium
932 3733 1061 3802 quoddam
1081 3740 1206 3798 tanquam

111 3813 188 3871 caput
217 3805 345 3871 Kybedon
372 3809 544 3863 nominatum.
582 3813 651 3880 quod
679 3812 756 3864 brevi
780 3820 858 3863 antea
885 3803 1072 3858 invadentibus
1098 3801 1204 3867 Scythis

110 3877 371 3943 septentrionalibus
392 3878 525 3931 desertum
544 3889 574 3933 nt
593 3884 690 3934 dicitur
710 3882 808 3933 iactum
828 3885 877 3939 est,
896 3875 1055 3940 etamplius
1078 3872 1206 3924 catholici

110 3948 219 3999 iiussiae
240 3948 360 4016 episcopi
378 3950 442 4000 sede
458 3950 563 4018 dignum
573 3967 626 4003 non
647 3961 727 4005 esset.
747 3949 916 4021 quamobrem
930 3945 1097 4013 metropolim
1115 3953 1206 3995 trans-

112 4018 173 4069 ierri
192 4033 306 4071 necesse
326 4028 384 4071 erat
403 4020 430 4071 in
450 4020 531 4072 alium
549 4020 637 4074 locum
656 4025 687 4075 ad
713 4030 881 4091 praesentem
899 4020 1087 4070 necessitatem
1107 4022 1205 4081 aptum.

111 4097 164 4141 tota
183 4090 253 4142 enirn
272 4088 474 4143 iilaltussorum
489 4107 556 4160 gens
575 4094 791 4163 frequentissima
810 4090 942 4145 etmultas
962 4097 989 4140 et
1006 4089 1125 4140 diversas
1144 4084 1207 4137 inde

111 4162 276 4231 abantiquis
295 4162 458 4229 temporibus
482 4164 607 4233 regiones
627 4164 747 4219 habitans
776 4166 805 4216 in
822 4163 873 4217 tria
898 4160 944 4215 vot
963 4168 1077 4230 quatuor
1094 4156 1207 4235 imperia

161 4257 322 4329 Nicephorion
344 4258 454 4333 (ἕτερον.
481 4258 535 4314 tot.
554 4256 611 4315 111:
992 4258 1028 4316 33
