3017 4759
243 250 464 317 msronrsn
488 252 748 319 numerumn
766 257 873 323 xxix.
896 239 1082 322 ao-aa
1153 242 1226 325 νου
1271 256 1275 261 ·

127 414 253 494 α’ξίωμα
276 405 342 494 σάν,
374 418 407 489 ές
423 414 691 500 Πελοπόννησον,
725 420 865 498 πέμπτον
894 416 962 491 ἔτος
983 410 1045 502 ήδη
1071 421 1134 483 suiv
1164 420 1233 483 έκεϊ

121 512 307 594 Ῥωμαϊκῶν
327 520 455 598 χωρίων
482 517 537 578 καί
557 513 678 581 πάλεων
701 515 759 599 τήν
787 514 959 601 ἐπιτροπήν
982 518 1119 587 διοικῶν.
1162 516 1229 583 ὅδ’
1301 515 1304 520 ’
1412 578 1419 589 .

126 616 180 679 s'us'
201 615 339 697 θυγατρὶ
360 614 515 697 γαμβρός,
553 618 674 682 Κάντου
707 620 914 703 Κεφαληνίας
936 626 1031 701 παῖς,
1053 616 1156 687 Ai'v‘oe·
1176 624 1230 705 τής

67 806 71 811 .
128 715 250 791 πόλεως
269 710 309 799 ήν
329 718 504 799 ἐπίτροπος,
525 716 579 781 κατ’
599 715 633 782 εἴ
650 743 680 783 τι
699 722 791 801 πέριξ
810 718 934 803 ὖπήρχο
962 724 1082 803 χωριόν
1105 726 1229 804 βαρβα.

102 817 221 899 δρικής
241 815 349 881 dadon
372 813 417 881 ἔτι
439 820 652 902 καταδρομῆς.
705 818 768 883 τάν
791 821 825 883 δὲ
846 824 1110 907 γυναικαδέλφων
1133 826 1232 903 σιβυ-

130 917 352 1001 στοκρυτάρων
372 915 519 1003 Ἰωάννης
540 921 599 1000 μὲν
620 918 712 1001 ἔτυχε
743 924 787 1009 τῷ
812 920 1027 1008 Παλαιολάγῳ
1054 926 1131 998 τέως
1153 947 1233 987 ουν-

132 1016 337 1095 διαιτιάμενος
358 1022 402 1106 τῷ
422 1024 570 1100 βασιλεῖ,
590 1024 705 1102 τειχῶν
720 1024 910 1100 Βυζαντίων
932 1020 1037 1103 ἐντός,
1067 1017 1180 1106 ἅτερος
1202 1026 1233 1089 δ’

22 1163 48 1175 -
130 1108 212 1199 ήρχτ
234 1114 354 1202 Βιζάης
382 1113 582 1204 ὄΜανουήλ
604 1123 638 1185 ἐκ
668 1123 787 1184 πολλοῦ
809 1118 865 1203 τήν
898 1119 1072 1205 ἐπιτροπήν
1092 1121 1232 1209 εἰληφάς

132 1214 210 1297 πράς
232 1220 289 1281 τοῦ
312 1221 596 1304 Καντακουζηνοῦ·
643 1218 676 1285 oi
699 1220 810 1286 locuni
841 1223 868 1285 δ’
892 1220 1060 1304 ὑπέκυψαν
1081 1228 1232 1289 Παλαισ-

88 1326 123 1379 10
132 1316 212 1405 λάγιρ
231 1319 274 1404 τῷ
294 1322 427 1400 βοισιλιλν
441 1316 557 1385 ὁπόσαι
575 1323 670 1405 μήπω
689 1322 868 1405 βαρβάροις
887 1324 1095 1405 προδέδονται
1115 1324 1233 1401 πόλεις.

232 1420 357 1502 Μηνσῖν
388 1421 416 1483 δ’
440 1418 533 1503 έγγδς
556 1425 646 1487 δυοῖν
671 1421 792 1501 μεταξδ
816 1423 1082 1509 παρερρυηκάτων
1102 1416 1175 1507 ήκεν
1199 1424 1299 1491 insit

138 1521 271 1583 Τενέδου
304 1520 359 1583 καὶ
393 1519 411 1583 ά
433 1519 616 1597 Κάλλιστος
638 1518 719 1587 οὕτω
749 1520 932 1604 λεγόμενος,
953 1520 1154 1607 πατριάρχης
1175 1528 1234 1604 μέν

133 1613 217 1685 εἶναι
250 1624 471 1704 συγχωρηθείς
500 1611 596 1697 αὖθις
628 1623 709 1705 πρὸς
733 1622 958 1703 Παλαιολάγοὶι
990 1624 1050 1686 τοά
1076 1627 1233 1704 βασιλέως

133 1715 190 1784 ὅτε
215 1717 388 1803 ἐζηλωκώς,
405 1720 448 1797 σάς
469 1718 585 1805 ἔδοξεν,
606 1719 687 1805 ὑπὲρ
704 1726 816 1807 adsoni,
832 1724 876 1806 μή
897 1723 1101 1805 σττργάμενος
1121 1726 1151 1789 δ’
1168 1716 1234 1809 οὖν,

92 1823 166 1893 15es’
184 1820 228 1904 μή
259 1819 296 1885 τά
320 1820 397 1886 κατά
430 1820 584 1908 βούλησιν
620 1820 706 1912 δρῴη
727 1825 824 1914 adipi.
876 1818 895 1886 d
923 1821 1062 1907 μὲνγάρ
1087 1821 1234 1906 έβοάλετο

137 1920 271 2006 πάντας,
292 1919 474 2007 συλλήβδην
498 1928 608 2007 εἰπεῖν,
630 1924 822 2001 ἐπισκόπους
849 1926 905 2013 κατ’
926 1928 1161 2013 πρεσβυτέρους
1181 1928 1235 2009 τῆς

123 2024 340 2107 ,δαισκοπικής
368 2028 516 2089 καθελεῖν
543 2026 651 2105 άξιάς·
704 2032 837 2107 βασιλεῖ
861 2028 889 2089 δ’
922 2018 1037 2108 οδκήν
1058 2025 1126 2089 ov’d'
1148 2029 1235 2091 δπω-

135 2124 211 2191 σοῦν
232 2122 361 2189 άνεκτάν
394 2126 425 2190 εἰ
444 2124 489 2209 μή
521 2124 668 2211 ἀλλήλους
704 2128 813 2213 α’φῶσι
848 2124 1073 2209 τάγκλήματα,
1108 2122 1238 2193 συνιόν-

138 2248 188 2299 ττς
209 2224 254 2299 εἰς
277 2226 321 2290 έν.
378 2226 441 2308 σ’ψέ
462 2251 497 2310 γε
519 2226 659 2312 μήνκαὶ
690 2227 817 2313 σφόδρα
838 2225 931 2309 μόγις
963 2226 1060 2308 ήτοῦ
1082 2228 1239 2306 βασιλέως

88 2338 127 2402 ,20
139 2323 369 2413 φιλάνθρωπος
402 2331 539 2412 νενίκηκε
557 2326 721 2411 βούλησις.
777 2328 818 2391 ου’
840 2329 953 2402 τελέως
972 2328 1031 2405 μὲν
1052 2332 1189 2411 νενίκηκε
1210 2328 1238 2391 δ’

136 2421 204 2493 σάν.
248 2435 314 2503 τοϊς
335 2433 394 2509 μὲν
415 2427 476 2511 γάρ
499 2426 682 2503 ἐπισκόποις
703 2432 760 2493 καί
781 2422 865 2493 άκων
886 2427 903 2491 ά
927 2425 1108 2502 Κάλλιστος
1130 2428 1239 2492 ἕσπετ’·
1295 2502 1300 2511 Ι

136 2549 240 2606 σατο,
274 2521 322 2615 ττβ
354 2532 388 2594 δὲ
419 2528 501 2612 μετά
524 2554 559 2613 γε
581 2528 679 2595 ου’τόν
699 2526 995 2613 πατριαρχιάσανττ
1021 2528 1166 2614 Κοκκίνῳ
1194 2530 1238 2618 τῷ

141 2631 288 2719 Φιλοθέῳ
318 2633 473 2721 λεγομένῳ
503 2629 537 2696 τά
561 2627 715 2716 παράπαν
746 2630 882 2719 οὐδαμῇ,
904 2626 983 2696 άλλά
1014 2625 1086 2703 τούς
1116 2624 1237 2703 αδτοδς

138 2909 328 2977 Peloponneso
348 2908 440 2976 quinto
460 2907 511 2975 iam
529 2923 599 2960 anno
618 2908 795 2961 Romanarum
814 2908 852 2960 ibi
870 2906 1068 2974 provinciarum
1088 2914 1115 2959 et
1133 2907 1237 2961 urbium

138 2982 333 3049 praefecturam
358 2978 552 3031 administrans.
590 2982 689 3032 sororis
717 2981 827 3031 maritus
851 2978 929 3041 Couti
955 2976 1137 3043 cephaleniae
1166 2978 1237 3031 lilius

136 3053 207 3105 lleni
224 3052 298 3102 urbis
318 3058 375 3101 erat
401 3050 553 3117 praelectus
585 3053 650 3103 etsi
670 3066 721 3119 qua
740 3049 914 3102 circumcirca
942 3055 998 3099 erat
1019 3055 1089 3099 terra
1107 3049 1237 3101 barbaro.

137 3139 195 3175 rum
220 3122 306 3173 adbuc
331 3122 471 3174 invasione
499 3122 594 3174 libera.
637 3120 744 3173 fratrum
771 3121 862 3172 uxoris
891 3119 1019 3186 principis
1044 3122 1237 3172 venerantium.

136 3194 252 3247 loannes
271 3194 376 3261 quidem
388 3191 544 3262 Palaeologi
559 3194 631 3261 regis
650 3202 705 3244 tum
727 3193 796 3243 forte
816 3192 1010 3243 cousuetudine
1028 3191 1151 3243 utebatur
1169 3192 1238 3243 intra

137 3266 244 3317 moenia
261 3264 427 3331 Byzantina:
456 3264 525 3315 alter
548 3272 636 3316 autem
662 3264 810 3329 Byzantina
835 3270 957 3331 praeerat
982 3261 1087 3315 llanuel
1115 3278 1130 3313 c
1154 3263 1237 3330 longo
1323 3306 1326 3311 .

136 3346 258 3403 tempore
287 3335 372 3389 tutela
397 3344 522 3402 suscepta
547 3352 562 3387 a
586 3335 782 3389 Cantacuseno.
837 3333 959 3402 reliquae
988 3332 1152 3403 Palaeologo
1180 3334 1238 3401 regi

138 3408 267 3476 parebant
285 3415 416 3476 quotquot
433 3408 550 3459 nondum
570 3407 683 3457 traditae
701 3405 819 3457 barbaris
838 3406 918 3457 urbes
938 3413 1007 3457 suut.

256 3496 391 3549 blensibus
412 3496 518 3547 interim
542 3494 644 3548 duobus
664 3494 853 3561 praeterlapsis
878 3494 953 3546 venit
981 3509 1014 3544 ex
1032 3492 1147 3558 Tenedo
1161 3492 1238 3543 etiam

139 3566 363 3635 Callistus-quem
390 3567 528 3635 appellant
556 3566 708 3634 patriarcba
732 3568 891 3617 constitutus
915 3580 1007 3617 rursus
1034 3579 1049 3614 a
1074 3562 1238 3630 Palaeologo

138 3651 205 3703 roge
232 3646 325 3703 utpote
352 3638 431 3689 rebus
460 3641 517 3691 eius
546 3647 575 3691 ut
594 3638 735 3690 videbatur
759 3638 885 3700 studens,
904 3636 998 3703 ineque
1017 3642 1104 3685 tamen
1125 3632 1238 3685 dilectus

140 3708 192 3759 nisi
212 3722 246 3757 ex
265 3709 323 3759 eius
342 3716 435 3775 ageret
453 3711 591 3762 arbitrato.
634 3709 678 3760 bic
707 3710 776 3762 enim
795 3706 905 3761 volebat
925 3721 1016 3757 omnes
1037 3706 1065 3755 in
1084 3705 1238 3755 universum

140 3780 284 3845 episcopos
303 3787 329 3830 et
347 3780 500 3832 sacerdotes
531 3780 679 3848 episcopali
701 3780 841 3833 sacerdote
867 3792 977 3829 exuere.
1014 3776 1072 3845 tegi
1100 3790 1166 3827 vero
1185 3790 1239 3828 non

142 3857 198 3903 erat
216 3846 273 3900 ullo
294 3849 371 3900 modo
392 3849 545 3916 tolerabile,
563 3853 615 3903 uisi
635 3852 686 3903 sibi
712 3852 830 3904 invicem
860 3850 1011 3901 obiicerent
1031 3848 1151 3910 crimina,
1172 3860 1239 3898 con.

140 3921 283 3974 venientes
300 3921 328 3969 in
347 3935 436 3970 uuum.
478 3937 539 3973 sero
567 3923 672 3989 quidem
700 3931 727 3975 et
746 3921 895 3990 aegerrime
922 3920 995 3988 regis
1015 3919 1155 3971 humanum
1174 3919 1241 3970 vicit

143 3990 296 4053 consilium,
314 4006 403 4057 neque
421 3994 493 4042 omni
514 4008 547 4043 ex
565 4001 640 4059 parte
658 3995 737 4057 vicit3
759 3994 893 4060 episcopis
910 3993 979 4044 enim
999 3989 1044 4043 vel
1064 3991 1164 4041 invitus
1187 3986 1240 4041 Oa.

139 4065 221 4118 lirtus
241 4076 342 4113 morem
360 4061 472 4129 gerebat
489 4063 657 4129 patriarchae
678 4080 744 4117 vero
764 4072 826 4137 post
849 4080 879 4116 se
901 4071 991 4117 creato
1011 4061 1128 4116 Coccina
1146 4057 1240 4110 Philo.

137 4135 202 4191 theo
223 4134 384 4202 cognomine
405 4148 513 4202 prorsus
531 4132 608 4189 nullo
626 4130 728 4187 modo‘
750 4136 798 4191 sed
814 4133 926 4189 eisdem
948 4132 1082 4201 episcopis
1104 4142 1240 4183 convoca·-
