3017 4759
240 294 471 410 jnrsromlu
496 293 757 366 susurrum
783 298 880 367 nux.
897 275 1056 366 o-te.
1134 292 1212 369 aro
1274 298 1276 303 ’
1370 394 1377 407 ,

5 483 11 519 ι
109 458 252 544 φυσικὸν
267 462 322 523 καί
341 457 486 545 ἔμφυτον
506 458 561 524 ἐπί
580 462 658 524 θεοῦ
676 456 829 543 λεγόμενοι
852 459 954 543 ἁπλῆν
976 459 1047 545 ἔχει
1065 486 1122 545 την
1145 486 1207 549 οη·

9 591 11 596 ·
106 564 229 639 μαοίαν
258 562 314 623 καί
340 561 515 644 μοναδικὴν
545 561 600 625 καί
630 566 730 647 μηδὲν
759 561 892 647 μηδαμῇ
923 562 1208 643 παραλλάττουσαν

106 663 150 747 argi
180 664 235 744 τῆς
270 662 382 735 ου’σίας
410 663 465 723 καί
493 658 621 747 φάσεως
642 659 720 749 λόγῳ
742 660 825 744 πλην
851 664 889 748 τῇ
912 667 1063 750 προφορᾷ
1077 665 1131 746 τῆς
1155 659 1210 729 λί-

108 766 193 839 ξεως.
251 765 373 843 λέγεται
402 764 463 842 μὲν
492 758 553 843 γάρ
585 765 641 826 κάν
661 770 727 838 τοῖς
747 766 913 837 συνθέτοις
934 765 1034 827 ταῦτα
1067 764 1122 827 καί
1140 788 1208 829 κτι-

80 869 201 941 potate,
223 861 292 924 ἄλλ’
316 855 353 924 σά
376 859 456 939 κατά
479 860 536 925 τάν
557 864 730 944 α’ναγκαῖον
750 861 807 927 τάν
832 864 861 925 6’
881 864 990 937 ου’τοῖς
1003 862 1206 947 ἐνδεχόμενον

106 956 233 1085 τρόπον,
255 952 280 1049 ᾧ
303 958 339 1024 τά
368 956 449 1025 εἶναι
474 966 529 1025 καί
547 960 591 1044 μή
616 958 698 1028 εἶναι
720 963 831 1029 ἕπεται
856 961 963 1028 ἐνί.οτι
1005 966 1061 1027 καί
1083 968 1206 1048 πρῶτος

104 1064 166 1141 μὲν
186 1086 201 1124 o
193 1061 321 1143 ιμάγος
344 1065 441 1147 φησίν
462 1062 689 1181 Ἀθανάοιος“
692 1061 971 1149 άκτιστοςπίφυκι
984 1062 1067 1148 μάνη
1088 1063 1106 1147 6
1131 1062 1207 1151 ᾇγία

105 1160 205 1242 τριάς,
227 1160 330 1238 άῖιλιάς
351 1186 384 1226 τε
406 1160 462 1225 καί
491 1188 643 1280 ατρεπτος
665 1190 719 1229 και
715 1165 982 1239 οἰναλλοίωτος.υ
1033 1190 1085 1231 και
1108 1156 1206 1241 αὖθις
1262 1205 1270 1213 „

105 1257 265 1338 6a6r6c‘
266 1262 409 1349 ζοἰκτίστῳ
442 1264 613 1347 προσάγειν
636 1260 770 1351 αὔξησιν
795 1265 906 1347 αόεβὲς
940 1257 1039 1330 ears?
1082 1266 1137 1331 καί
1158 1264 1206 1331 ἔτι

59 1358 156 1426 10“c6
180 1358 244 1447 γάρ
267 1356 412 1429 οἴκτιστον
444 1367 485 1452 τῇ
505 1364 604 1451 φύσει
632 1370 756 1448 λέγεται
787 1359 943 1444 άκτιστον,
964 1362 1046 1447 μήτε
1073 1360 1204 1448 αὔξησιν

101 1459 178 1544 μήτε
212 1466 384 1529 ἐλάττωσιν
415 1463 674 1547 ε’πιδεχόμενον.”
724 1470 780 1529 καί
807 1472 874 1543 μετ’
905 1460 1008 1547 ὀλίγον
1036 1458 1205 1539 “άκτιστος

103 1558 241 1648 άπαρξις
261 1563 344 1649 μάνη
375 1563 472 1649 ἦτῆς
497 1563 649 1648 θεότητος
680 1565 826 1629 νοιῖται.”
883 1569 938 1629 καί
965 1562 1011 1629 ἔτι
1036 1556 1204 1639 “άκτιστος

101 1658 184 1746 μόνη
204 1661 384 1748 πέφυκενῆ
421 1665 496 1747 6yc'u
516 1663 607 1781 τριάς
629 1663 884 1748 τῆςθεάτητος.”
926 1659 1095 1747 “άεο’τερον
1127 1660 1205 1726 θεὸν

102 1753 190 1825 οάπω
212 1766 267 1826 καί
285 1761 422 1847 τήμερον
442 1760 632 1881 ἀκηκόαμεν
676 1759 736 1827 6'cu
762 1761 830 1845 ἔχει
852 1762 872 1826 6
892 1763 1008 1846 πατήρ,
1033 1765 1135 1827 ταῦτα
1151 1786 1205 1825 και

55 1859 117 1926 15ὃ
138 1859 218 1980 υἷάς,
241 1861 276 1926 τὸ
295 1858 443 1945 υψιστος,
467 1864 503 1928 τὸ
522 1861 685 1972 βασιλεύς,
708 1862 743 1929 τὸ
762 1864 897 1987 κύριος,
904 1861 940 1927 τά
965 1863 1201 1987 παντοκράτωρ

102 1962 118 2026 6
140 1960 201 2047 γάρ
225 1963 306 2027 κατά
330 1966 430 2082 ‹p6mv
450 1970 619 2030 ταῦτακαὶ
639 1942 815 2039 άκτιστος.η
853 1958 1019 2029 “citeriores
1039 1990 1091 2029 και
1112 1964 1202 2029 άοιά-
1182 1978 1267 2031 -ΙΙ

100 2085 200 2144 ματον
220 2064 274 2127 καί
308 2066 404 2149 φάσει
434 2063 571 2147 άάρατον
592 2060 690 2146 μόνον
710 2064 743 2129 τὸ
765 2068 890 2130 θεῶν’
875 2064 974 2131 εατι’.”
1022 2064 1124 2149 “μο’νη
1146 2065 1202 2148 τῆς

99 2166 228 2237 κτίσεως
248 2161 431 2248 ὑπέρκειται
454 2166 474 2249 6
496 2172 570 2230 θεία
592 2189 626 2231 τε
647 2171 701 2230 καί
724 2159 871 2241 οἴκτιστος
896 2162 994 2249 φάσις
1016 2166 1073 2228 τοῦ
1095 2164 1203 2227 ecoe?

97 2268 154 2328 καί
173 2268 230 2349 τῆς
250 2272 310 2346 μὲν
331 2266 482 2332 α’κτίστου
500 2267 628 2352 φάσεως
647 2266 702 2349 την
724 2262 817 2348 άγίοιν
840 2265 958 2349 τριάδα
977 2260 1200 2349 διωρισάμεθα

50 2358 194 2445 werbert,
212 2369 269 2447 τῆς
291 2370 325 2431 66
347 2369 473 2450 κτιστῆς
492 2367 595 2432 πάντα
619 2364 680 2431 άσα
701 2369 773 2447 μετ’
794 2368 913 2450 ἐκείνην
943 2365 1071 2446 λέγεταί
1088 2388 1123 2429 τε
1144 2363 1200 2429 καί

98 2461 164 2529 ἔστι
185 2468 241 2529 καί
262 2465 458 2547 ὀνομάζεται.
502 2468 651 2531 άκτίστου
674 2465 754 2551 πρὸς
778 2460 925 2531 οἴκτιστον
947 2466 1003 2528 οὐκ
1025 2459 1063 2528 άν
1080 2489 1127 2540 τις
1148 2469 1199 2529 ἐν·
1208 2476 1228 2530 l.
1237 2477 1319 2535 1351.

98 2566 222 2647 νοήσειε
243 2569 412 2651 διαφοράν.
455 2566 533 2651 μόνη
559 2572 593 2632 δὲ
616 2565 635 2652 6
656 2561 799 2643 άκτιστος
816 2568 911 2653 φάσις
934 2568 952 2650 6
974 2570 1008 2631 ἐν
1030 2564 1128 2650 πατρί
1145 2564 1201 2631 καί

96 2662 158 2755 υῖρῖ
178 2666 234 2731 καί
263 2667 343 2755 ἁγίῳ
379 2668 538 2752 πνεύματι
570 2672 780 2752 πιστευομένη
813 2671 961 2752 κρείττων
990 2670 1061 2733 ἐστι’
1092 2664 1196 2752 πάσης

169 2870 211 2924 13.
227 2874 391 2927 Βασιλείαν.
481 2871 523 2925 16.
543 2874 695 2945 Χαρίλλου.

96 3042 184 3106 ipsum
205 3039 326 3108 intelligi
344 3049 434 3108 potest
451 3057 531 3094 uuum
550 3059 608 3096 esse
628 3046 776 3096 increatum
795 3056 884 3110 neque
902 3054 968 3092 vcro
987 3039 1079 3105 multa,
1098 3040 1197 3092 deiude

97 3127 156 3162 curu
177 3114 317 3164 essentiam
338 3121 366 3163 et
385 3114 528 3166 essentiale
547 3124 574 3166 et
592 3114 767 3167 substantiale
798 3121 825 3164 et
842 3120 962 3163 naturam
983 3120 1009 3163 et
1028 3111 1150 3163 naturale
1169 3118 1195 3163 et

96 3184 214 3233 innatum
234 3184 336 3235 dedeo
356 3186 554 3250 praedicamus,
585 3187 653 3237 baec
680 3184 828 3258 simplicem
850 3184 904 3236 vim
923 3182 1022 3234 bebere
1044 3190 1071 3235 et
1090 3182 1193 3234 unicam

95 3270 186 3321 neque
207 3254 264 3305 ullo
284 3258 390 3307 omuino
408 3258 486 3308 modo
506 3257 672 3308 differentem
682 3249 723 3307 'ab
745 3256 892 3308 esseutiae
900 3262 926 3306 et
944 3262 1054 3305 naturae
1072 3256 1193 3318 notione,

95 3327 148 3376 nisi
166 3327 281 3377 nominis
300 3330 532 3394 pronunciatione
577 3328 763 3394 praedicantur
789 3327 858 3377 enirn
881 3327 960 3377 etiam
986 3326 1019 3377 de
1038 3327 1192 3393 compositis

94 3396 163 3447 haec
190 3405 216 3447 et
241 3400 348 3462 creatis,
373 3413 427 3450 uon
452 3408 540 3450 eutem
564 3399 735 3463 necessario,
768 3398 814 3450 sed
847 3398 879 3449 iis
905 3398 1078 3449 convenienti
1103 3398 1191 3481 modo,

96 3480 210 3533 quocum
230 3470 353 3537 congruit
371 3472 502 3522 interdum
528 3469 598 3537 quod
626 3477 666 3521 cst
694 3477 721 3519 ct
739 3469 809 3553 qupcl
827 3484 881 3520 nou
908 3477 957 3521 cst.
994 3476 1074 3536 utque
1093 3470 1191 3550 primus

96 3537 202 3619 qpirlem
220 3555 330 3605 mugnus
350 3540 398 3591 ille
421 3542 591 3594 Athanasius.
628 3542 757 3606 increata,
777 3541 873 3608 iuquit,
895 3548 935 3592 est
955 3539 1014 3592 solu
1031 3546 1122 3589 sanctu
1141 3539 1192 3589 tri-

94 3609 182 3658 uites·
204 3615 230 3658 ct
248 3618 357 3663 aeterua
379 3620 405 3662 et
422 3614 528 3664 immota
549 3621 576 3663 et
596 3611 777 3676 immutabilis,
798 3620 824 3663 et
842 3627 933 3663 rursus
955 3610 1033 3661 idem.
1072 3610 1191 3659 increato

94 3677 241 3729 attribuere
266 3683 447 3734 accessionem
475 3685 551 3735 ucles
577 3692 633 3749 est,
663 3691 690 3734 ct
713 3698 814 3749 porro.
842 3682 988 3733 increatum
1013 3680 1081 3730 enirn
1097 3687 1192 3730 natura

94 3764 143 3801 suu
159 3748 255 3799 dicitur
275 3752 421 3803 increatum
448 3770 537 3821 neque
567 3756 748 3807 accessionem
767 3770 856 3820 neque
885 3752 1058 3804 minutionem
1076 3751 1191 3817 patiens,

95 3828 123 3871 et
142 3820 219 3870 brevi
238 3829 317 3885 post·
336 3824 453 3875 incrcuta
474 3828 590 3877 essentia
609 3825 667 3877 sola
686 3834 793 3893 putatur
812 3839 928 3875 numinis
940 3823 1034 3886 divini,
1054 3828 1081 3872 et
1099 3836 1190 3889 porro,

92 3893 212 3942 increata
230 3890 289 3941 sola
307 3892 376 3943 lacta
395 3902 435 3944 est
453 3904 544 3945 sanctu
556 3898 660 3947 trinitas
680 3898 733 3950 dei.
752 3895 865 3947 alterurn
884 3894 960 3946 deum
978 3894 1091 3944 noudum
1112 3893 1190 3945 etiam

93 3963 174 4013 bodie
200 3961 358 4014 audivimus.
410 3980 584 4033 quaecunque
615 3969 684 4033 patri
719 3976 799 4029 suut,
828 3966 919 4017 eadem
951 3966 1029 4018 etiam
1055 3962 1131 4028 nno,
1151 3969 1191 4013 est

94 4035 163 4084 euim
171 4032 336 4106 altissimus,
356 4050 414 4098 rex,
436 4036 567 4099 domiuus,
587 4040 774 4105 omnipotens.
793 4044 962 4088 namnetum
982 4051 1029 4089 suu
1048 4033 1090 4087 his
1108 4049 1189 4100 prae.
1202 4088 1206 4095 ⁴

92 4080 180 4156 (litus
181 4114 224 4157 est
242 4114 268 4157 ct
291 4106 419 4157 iureatos.
456 4108 602 4159 increatum
621 4117 648 4160 et
665 4110 724 4161 siue
752 4123 866 4175 corpore
892 4116 919 4159 et
936 4116 1032 4160 natura
1051 4102 1189 4156 invisibile

91 4175 179 4233 solum
198 4185 239 4230 cst
257 4193 355 4238 uumcu
375 4178 504 4231 divinum.
525 4177 584 4231 solu
604 4180 767 4233 creationem
788 4180 893 4232 excedit
912 4180 1003 4233 ‹liuiue
1022 4184 1049 4229 et
1069 4176 1188 4228 iucreutu
