3017 4759
284 192 359 262 aas
583 189 809 258 urcsnnonr
836 155 1067 298 enseonns

217 371 273 425 Μ
283 356 392 425 ἔπειτα
410 359 442 423 εί
459 355 515 440 την
530 355 690 439 ἐνέργειαν
703 350 810 433 ἕτερον
822 343 905 413 εἶναι
925 349 1024 430 λέγεις
1040 348 1119 411 sciui
1136 346 1215 410 θεοῦ
1237 338 1392 423 καθάπερ

284 461 338 526 ἐπί
358 463 422 524 τῶν
444 453 608 523 sonestur
629 455 738 537 ἡμῶν,
770 453 825 515 ναί
853 451 943 524 ἰδίως
974 442 1119 513 άντιστον
1145 443 1280 530 θεότητα
1299 492 1308 525 ,
1330 444 1396 506 ναί

284 557 368 625 ἔστιν
389 556 540 640 ἑκάτερον
560 552 678 619 τούτων
701 546 780 633 ὅπερ
805 550 862 614 οὖν
883 547 966 614 ἔστιν
988 542 1145 629 ἑκάτερον,
1170 547 1226 610 ναί
1246 541 1302 608 αέί
1320 539 1393 605 θά-
1493 545 1494 548 ’

286 679 377 743 ’τερον
397 659 485 741 παρά
501 657 640 741 θάτερον
653 651 833 737 άμοιβάιλόν
849 649 905 736 την
924 650 1084 738 διαφοράν
1098 650 1154 713 ναί
1165 645 1277 730 μάχην
1299 651 1392 724 λαμ·
1489 701 1493 710 ,

222 811 226 820 .
283 757 380 844 {lusor
404 760 507 841 λόγοις
540 758 596 822 ναί
628 757 812 840 πράγμασιν
836 753 969 840 (α’νάγνη
998 753 1061 833 γὰρ
1095 744 1135 813 olo
1160 745 1209 833 ε’ἴη
1230 748 1319 811 πάσα
1345 743 1418 818 τάξ,

283 856 388 936 οὕτως
409 859 558 941 α’λλὸτρια
581 862 620 945 τῇ
641 859 737 942 φύσει
763 856 818 920 ναί
837 857 979 944 οημοσίρι
1008 851 1053 933 μή
1075 847 1190 916 τοῦτὸν
1211 841 1293 929 εἶναι
1316 852 1389 910 θοι-

283 966 365 1048 stop
387 959 551 1044 θάτερον),
570 957 660 1023 ἔσται
685 951 766 1041 ἄρα,
786 957 817 1021 εἰ
838 956 855 1038 ἢ
883 953 1023 1037 ἐνέργεια
1042 946 1187 1025 άκτιοτος
1208 949 1263 1012 καί
1284 948 1393 1012 ἄνοι’-

252 1102 255 1114 ·
284 1085 362 1140 οιος,
383 1058 490 1144 κτιστη
510 1059 530 1141 ἦ
553 1059 721 1139 οὕσίαξιιαί
735 1052 949 1152 ἀνενέργητος,
972 1054 1015 1130 ὥς
1028 1052 1175 1134 ἀνωτέρω
1191 1073 1225 1132 γε
1240 1047 1393 1132 η’νηιιόεις

284 1163 349 1225 τῶν
369 1163 464 1225 θείων
485 1167 553 1224 κατ’
583 1156 761 1242 ἐπιστήμην
793 1153 832 1221 τά
857 1157 984 1221 ἐναντία
1004 1163 1069 1230 τοῖς
1100 1153 1253 1225 ἐναντίοις
1274 1148 1393 1232 ὁριζο-

187 1339 190 1343 .
285 1266 388 1342 μένων
408 1261 545 1344 ἀνδρῶν.
596 1261 626 1325 εἰ
646 1262 689 1330 Tali
711 1257 767 1322 καί
800 1257 833 1322 τὸ
859 1261 915 1339 τῆς
938 1256 1097 1339 ἐνεργείας
1128 1244 1227 1331 ὄνομα
1255 1251 1392 1332 γενικῶς
1403 1267 1436 1321 10

286 1359 366 1426 νοτά
385 1364 422 1427 σὲ
444 1361 569 1426 πάντων
589 1363 638 1426 ἐπ’
666 1358 736 1444 ἴσης
759 1365 958 1443 κατηγοροῖτο
986 1359 1048 1421 τοῖν
1071 1350 1252 1434 ὀνομάτων,
1283 1349 1393 1414 δονά-

284 1486 370 1543 μεως
389 1467 480 1546 λέγω,
507 1467 624 1548 σοφίας
654 1464 737 1544 ζωῆς
769 1455 873 1546 φωτὸς
901 1459 1010 1538 θυμοῦ
1032 1455 1257 1537 μακροθυμίας
1289 1451 1392 1534 ὀργῆς

285 1564 458 1647 αόργησίας
486 1568 546 1626 καί
573 1563 636 1627 τῶν
659 1562 820 1639 τοιούτων,
841 1552 975 1640 iocans}
998 1559 1072 1620 θεία
1102 1557 1253 1637 κέχρηται
1272 1550 1390 1635 γραφη

209 1675 220 1688 “
285 1665 473 1743 θεοπρεπῶς
502 1669 732 1746 ναταφατινοϊς
754 1683 786 1724 τε
818 1658 1103 1742 sciturnomen
1128 1655 1185 1716 καί
1207 1652 1391 1732 οἷντικειμὲ·

286 1785 350 1836 νοις
373 1761 535 1844 ὀνόμασιν,
555 1765 779 1844 ἐπιδραμεῖται
799 1753 910 1823 λοιπάν
930 1757 986 1821 καί
1000 1758 1077 1820 πᾶσι
1092 1756 1216 1829 τούτοις
1232 1757 1280 1819 ἐπ’
1303 1751 1391 1836 ἴσης,
1403 1775 1434 1827 15

164 1861 343 1923 niseum*
363 1858 478 1942 ὁμοίως
498 1862 551 1924 αέί
582 1857 811 1944 νατορχησεται
833 1862 895 1923 τοῖν
929 1856 1096 1939 ὀνομάτων
1120 1849 1267 1918 ἁπάντων
1287 1850 1391 1916 τιῖτίι-

286 1985 398 2044 πημα·,
430 1964 486 2024 καί
507 1957 675 2026 στασιάσαι
704 1957 784 2043 πρὸς
805 1956 901 2024 inusti
936 1956 1049 2040 τὸτῆς
1084 1957 1242 2036 ἐνεργείας
1271 1945 1390 2033 ὄνομα,

288 2059 467 2144 scirpo-riri
490 2065 546 2144 τῆς
568 2060 754 2139 ἰδιαζόντως
777 2056 864 2125 ’κατά
890 2063 926 2123 σὲ
950 2055 1119 2142 λεγομένης
1140 2052 1285 2119 άκτίστοο
1307 2051 1391 2117 θεό-

285 2183 389 2246 τητος.
414 2163 488 2231 καθ’
510 2160 528 2225 ii
547 2163 611 2246 γὰρ
634 2164 764 2227 ἕκαστον
785 2157 995 2242 ἓνοίστοιιζτάν
1014 2153 1118 2222 ἄλλων
1142 2158 1280 2220 λείπεται
1302 2155 1392 2220 ποίν-

285 2287 356 2342 τοον,
376 2265 443 2328 κατ’
467 2267 565 2329 ε’κεΐνσ
585 2267 648 2328 τοῖν
670 2257 774 2328 ἄλλων
798 2258 943 2327 ἁπάντων
960 2257 1141 2345 ἤλάττωταί
1161 2279 1193 2321 τε
1214 2255 1269 2320 καί
1289 2256 1433 2340 viiio-20

286 2366 424 2444 τρίωται.
466 2363 521 2427 καί
542 2364 576 2427 ἓν
594 2358 675 2429 εἶναι
697 2361 823 2437 πάντως
846 2364 958 2426 ον’σίαν
982 2359 1181 2442 ὁμολογεῖται
1211 2355 1266 2420 καί
1288 2356 1390 2440 φύσει

188 2489 192 2495 ’
287 2460 387 2526 univi
410 2468 533 2546 λέγεται
554 2463 611 2528 ναί
632 2463 826 2545 ὀνομάζεταιΔ
847 2458 1146 2547 θεοπρεπάςιῆμϊν,
1168 2459 1223 2522 ναί
1244 2453 1312 2522 ἔστι
1332 2457 1392 2524 καί

270 2809 438 2864 'bontionem
458 2810 559 2862 ambae.
596 2810 700 2865 ‹leinle⁴
710 2811 733 2864 si
752 2810 924 2864 efficientiam
943 2810 1074 2863 diversum
1094 2825 1154 2862 csse
1172 2808 1240 2862 dicis
1260 2809 1339 2861 etiam
1356 2810 1388 2862 in

280 2883 348 2952 Adeo,
367 2889 396 2932 ut
413 2883 440 2932 in
456 2882 533 2934 nobis
553 2882 725 2949 compositis,
746 2891 774 2934 et
792 2884 901 2949 proprie
920 2884 1065 2934 increatam
1086 2881 1251 2940 divinitatem
1262 2917 1280 2944 „
1294 2889 1321 2932 et
1339 2889 1388 2932 ut.

289 2969 402 3021 rumque
421 2962 470 3017 est,
491 2954 561 3021 quod
578 2953 691 3005 alterurn
710 2966 765 3004 non
784 2961 833 3016 est,
855 2961 882 3004 et
894 2967 999 3020 semper
1017 2953 1130 3005 alterum
1150 2965 1214 3018 prae
1232 2951 1319 3003 altero
1340 2953 1387 3003 in.

286 3025 374 3077 vicem
394 3025 574 3076 differentiam
589 3033 616 3076 et
635 3040 751 3093 pugnarn
770 3023 882 3092 suscipit
903 3024 1039 3075 verbiset
1056 3023 1153 3088 rebus,¹
1168 3027 1224 3090 (est
1244 3023 1313 3074 enim
1332 3039 1387 3074 ne.

291 3111 368 3148 oesse
389 3096 514 3159 omnino,
535 3111 603 3163 quae
622 3102 679 3145 uam
704 3096 758 3148 sint
775 3094 863 3146 aliena
886 3102 913 3145 et
932 3101 1024 3146 natura
1044 3102 1071 3145 et
1088 3093 1304 3162 significatione,
1329 3108 1387 3148 non

286 3167 356 3216 idern
377 3166 534 3217 esseulteri
554 3165 681 3233 alterum)
702 3167 753 3230 erit
772 3167 854 3235 igitur
876 3165 899 3217 si
920 3165 1065 3234 efficientia
1087 3166 1205 3216 increata
1233 3173 1274 3216 est
1293 3165 1387 3217 etin.

289 3234 450 3296 essentialis,
469 3243 558 3286 creata
577 3243 604 3286 et
624 3237 751 3288 inefficax
773 3236 898 3298 essentia,
919 3244 948 3288 ut
966 3251 1057 3302 supra*
1066 3236 1191 3288 audivisti
1211 3234 1317 3287 divinos
1338 3237 1387 3287 vi.

287 3319 333 3357 ros
351 3304 494 3356 secundum
514 3305 623 3373 regulas
648 3306 839 3376 philosophiae
865 3307 998 3359 contraris
1016 3306 1157 3358 contrariis
1185 3306 1304 3357 delinire.
1343 3307 1401 3358 sin·

287 3382 375 3426 autern
396 3374 474 3424 etiam
490 3374 653 3426 efficientiae
670 3375 768 3429 nornen
786 3379 952 3445 generaliter
969 3392 1002 3428 cx
1029 3385 1075 3428 tua
1095 3377 1228 3428 sententia
1246 3391 1333 3445 aeque
1351 3377 1388 3428 sle

288 3445 410 3497 omni-bns
429 3446 597 3511 praedicatur
614 3447 781 3512 nominibus,
809 3449 851 3500 vis
876 3450 952 3513 (lico,
972 3448 1119 3514 sapientiae
1130 3483 1138 3510 ,
1158 3448 1249 3511 sitne,
1266 3446 1387 3512 luminis,

287 3516 378 3580 animi,
397 3515 575 3580 elementiae,
596 3517 669 3581 irae,
689 3518 909 3587 tranquillitatis,
928 3518 1089 3587 taliumque,
1115 3518 1318 3586 quibuscunque
1337 3534 1389 3571 usa

200 3609 207 3616 ·
254 3626 265 3640 ,
289 3594 330 3651 est
349 3588 480 3654 scriptura
512 3588 602 3639 divina
621 3588 671 3638 ιΙεο
691 3591 886 3642 convenienter
911 3589 1101 3642 affirmantibus
1128 3597 1155 3640 et
1177 3589 1338 3656 negantibus
1358 3598 1388 3640 et

288 3660 422 3725 oppositis
440 3659 602 3722 nominibus,
622 3659 734 3712 accedet
762 3661 813 3712 inrn
833 3661 912 3712 etiam
930 3661 972 3712 his
991 3661 1112 3712 omnibus
1129 3675 1232 3728 aeque:
1258 3668 1285 3712 et
1303 3659 1387 3712 simili

287 3730 366 3780 modo
386 3745 493 3796 semper
510 3729 675 3782 insultabunt
692 3731 843 3782 nominibus
862 3731 983 3783 omnibus
1001 3732 1139 3798 ineptiae,
1159 3739 1187 3782 et
1203 3745 1293 3782 secum
1312 3746 1388 3799 pug-

286 3799 362 3850 nabit
381 3800 544 3853 efficientiae
560 3817 675 3866 nomen,
697 3817 756 3853 cum
776 3801 843 3854 baec
867 3803 1008 3854 secundum
1032 3812 1059 3854 te
1084 3802 1193 3868 proprie
1218 3801 1322 3854 dicutur
1341 3803 1388 3854 in..

289 3874 380 3919 creata
401 3871 535 3933 divinitas,
548 3879 658 3938 propter
677 3874 747 3940 quod
760 3874 828 3924 enim
844 3872 967 3942 quodque
986 3887 1119 3942 equoque
1137 3872 1249 3924 aliorum
1269 3875 1388 3924 omnium

289 3938 462 4006 relinquitur,
481 3950 590 4006 propter
608 3944 634 3995 id
653 3943 716 3995 aliis
733 3943 855 4004 omnibus
874 3953 915 3996 est
933 3945 1062 3996 minusab
1080 3945 1168 4011 iisqne
1187 3943 1320 4006 alienum,
1342 3951 1389 3996 st.

292 4025 345 4077 qne
366 4024 445 4060 unum
464 4011 571 4061 omnino
598 4028 658 4065 esse
687 4013 829 4065 essentiam
854 4015 1008 4067 conceditur
1035 4024 1063 4067 et
1089 4022 1182 4066 notura
1201 4029 1296 4078 omne,
1316 4015 1390 4082 qnod

290 4079 393 4132 uritur
422 4088 449 4131 et
476 4088 588 4134 rocutur
614 4084 664 4136 deo
682 4085 876 4138 conuenienter
905 4100 920 4136 ο
949 4085 1027 4140 uobis
1052 4095 1078 4140 et
1106 4093 1147 4140 est
1167 4093 1195 4138 ot
1215 4093 1319 4156 eratet
1337 4085 1391 4140 erit
