3017 4759
296 300 371 372 288
597 307 822 375 NlOEPHORl
852 305 1085 371 sunnonis

294 468 549 552 εἰδοποιηθεισης
579 467 660 550 πρὸς
682 460 782 551 άλλην
803 470 857 530 καί
876 459 974 552 άλλην
993 463 1169 550 θρησκείαν
1188 489 1223 531 τε
1243 467 1300 529 καί
1320 463 1399 529 διά-

294 575 419 646 λεκτον,
453 566 498 642 ὦς
531 574 720 648 συμβαίνειν
752 571 900 632 ε’ντεδθεν
926 567 972 648 μὴ
1001 562 1088 649 παρά
1117 570 1215 631 πᾶσιν
1242 565 1399 641 &sanarer

293 663 379 748 ἔχειν
402 665 516 750 αὐτην,
535 669 604 732 ἀλλ’
627 662 726 752 άλλην
747 661 830 731 εἶναι
853 670 928 750 παρ’
950 660 1057 740 ἄλλοις
1080 667 1142 747 οἷσί,
1164 665 1221 730 καί
1239 663 1323 729 οἴσω
1336 689 1399 745 με-

291 775 385 847 σῖτιν,
404 765 447 840 ως
467 767 558 854 ἔφην,
578 768 700 854 ἆμφοῖν
730 773 896 851 γινομένην
923 766 978 852 την
1011 772 1066 848 τῆς
1092 767 1253 851 ἐνάρθρου
1279 771 1398 848 χρείαν

292 871 410 950 φωνῆς,
429 864 486 947 τήν
507 871 566 930 τοῦ
586 869 758 942 άκοάοντος
779 873 814 953 τῇ
837 871 895 930 τοῦ
916 871 1057 951 λέγοντος
1086 862 1259 932 συνάπτειν
1281 866 1422 932 sunan-5

288 991 357 1048 χως
377 970 504 1056 διανοίη
525 966 604 1033 κατά
626 967 659 1033 τά
682 968 838 1050 α’νοίλογον
859 964 992 1052 ἑκάστην
1014 965 1150 1054 ἑκάστη·
1181 967 1395 1052 μορφουμένη

289 1066 352 1148 γάρ
374 1064 457 1150 αὕτη
490 1071 544 1132 καί
567 1071 818 1152 διαπλαττομένη
852 1069 975 1152 ῥημασί
1000 1093 1034 1132 τε
1061 1073 1116 1132 καί
1146 1068 1280 1146 ὀνόμασι
1302 1062 1396 1148 λόγος

288 1169 407 1248 γίνεται
428 1166 573 1252 σχήμασι
593 1176 746 1243 ποινιλοις
769 1170 824 1232 καί
843 1173 959 1252 α’ρχοιῖς
981 1169 1035 1234 καί
1054 1174 1188 1253 πέρασιν
1213 1167 1330 1250 ὁρίζων
1354 1163 1392 1228 τά

291 1270 346 1349 τῆς
366 1260 445 1351 ὕλης
475 1268 628 1353 α’άριστόν
649 1293 685 1334 τε
718 1273 774 1333 καί
796 1261 931 1356 άφετον,
968 1270 1023 1334 καί
1050 1264 1136 1335 οὕτω
1158 1277 1223 1344 τοῖς
1251 1265 1312 1345 ἔξω
1335 1266 1395 1349 τήν

291 1365 383 1434 ἔνδον
413 1363 549 1436 ἑκάστου
580 1368 736 1454 βοάλησιν
768 1373 984 1454 ἀπαγγέλλων.
1027 1370 1108 1454 πλην
1136 1366 1198 1452 οὗχ
1219 1366 1436 1449 ὥςέτυχενῙθ

293 1470 434 1548 οἴτάκτως
465 1477 622 1556 φέρεσθαι
645 1473 701 1536 καί
722 1471 802 1538 κατά
831 1471 887 1554 την
917 1469 1058 1536 ἑκάστων
1082 1469 1240 1556 διάφορον
1261 1473 1396 1552 θέλησιν

171 1572 313 1656 ίλδθτ.ἦ
333 1574 583 1658 σοφίακατόπιν
605 1576 783 1656 ἐληλυθυῖα
805 1571 892 1654 παρά
914 1577 992 1636 θεοῦ
1013 1582 1079 1648 τοῖς
1098 1568 1280 1654 ἀνθρώποις
1300 1569 1394 1653 (ἔφη’-

292 1697 356 1752 κεν,
378 1671 460 1736 α’λλά
481 1673 589 1754 νόμοις
613 1674 666 1736 καί
688 1672 818 1737 κανόσιν
832 1676 986 1752 ν’πέζευξε
1002 1669 1120 1756 ταύτην
1141 1671 1221 1735 κατά
1237 1666 1293 1742 τάς
1315 1670 1392 1751 παρ’

291 1769 436 1848 ἑκάστοις
457 1777 626 1857 συνθήκας.
672 1765 717 1837 ὧν
738 1779 837 1848 ε’νίαις
870 1777 970 1839 ἐνίοτε
992 1777 1047 1838 καί
1070 1777 1204 1856 ἐνιαχοῦ
1224 1771 1269 1856 μη
1294 1768 1394 1852 μόνον

292 1871 370 1938 κατά
397 1877 570 1956 θρησκείαν
588 1875 647 1950 τάς
666 1878 826 1958 σημασίας
847 1877 955 1941 ἕπεται
973 1880 1123 1958 διαιρεῖν,
1146 1872 1228 1937 ἄλλά
1240 1873 1295 1937 καί
1316 1875 1393 1934 καθ’
1404 1873 1435 1926 15

291 1970 477 2055 ὁμωνυμίας
498 1977 553 2037 καί
573 1975 807 2056 πολυωνυμίας.
850 1980 939 2040 δυοῖν
962 1978 1022 2060 γὰρ
1051 1977 1200 2058 θάτερον,
1225 1965 1244 2056 ἢ
1268 1971 1394 2056 διαφό-
1459 2001 1464 2016 ,

291 2099 359 2156 ροις
380 2072 513 2154 σ’νὸμασι
530 2075 571 2139 τά
593 2075 676 2138 αιίτά
699 2085 766 2150 τοῖς
782 2080 820 2162 τῇ
842 2081 923 2165 αὐτῇ
947 2081 1099 2165 διαλέκτῳ
1114 2079 1290 2159 χρωμένοις
1309 2099 1393 2155 γνω-

291 2179 432 2258 ρίζονται
455 2176 637 2259 πράγματα,
659 2169 681 2259 ἢ
691 2163 762 2264 ’μιᾷ
784 2177 976 2268 προοηγορίρι
998 2177 1036 2242 τά
1057 2175 1198 2262 διάφοροι
1212 2178 1272 2240 τοῖν
1287 2197 1394 2256 πραγ-

224 2290 277 2343 n
289 2277 408 2359 μάτων,
430 2271 452 2357 ἢ
471 2276 589 2341 τούτων
609 2281 668 2357 μὲν
690 2279 869 2359 ου’δετὲροις
889 2278 982 2363 ἕτερά
998 2303 1032 2362 γε
1054 2278 1119 2360 μὴν
1138 2271 1269 2360 ἑτέροις.
1313 2273 1394 2338 vol·
1493 2337 1494 2344 η

288 2402 350 2444 των
373 2380 403 2439 δ’
423 2371 525 2452 οὕτως
546 2362 686 2457 ἐχάντων
708 2383 763 2443 καί
783 2377 901 2444 οὑτωσί
919 2383 1223 2464 προδιαληφθέντιον
1236 2376 1437 2439 α’νακτέονῖθ

291 2473 330 2542 άν
351 2476 402 2559 εἴη
434 2476 491 2559 την
510 2481 652 2559 γλῶτταν
681 2480 755 2562 ἡμῖν
786 2483 831 2554 είς
852 2481 888 2544 τὸ
920 2481 1071 2563 πρότερον
1090 2479 1176 2563 ἴχνος
1204 2475 1391 2559 τοῦλόγου.

289 2576 323 2643 τὸ
346 2581 383 2640 δέ
403 2581 473 2642 ἐστι
501 2581 605 2656 δεῖξαι
638 2580 695 2664 την
724 2585 788 2644 ταῖν
815 2583 939 2646 πολλῶν
967 2584 1093 2645 ἐκείνων
1121 2575 1285 2661 δυομάτων
1305 2575 1392 2658 ὁμό-

290 2677 379 2745 νοιάν
398 2701 432 2742 τε
462 2680 518 2741 καί
535 2683 728 2766 συμφωνίαν
756 2684 813 2745 καί
832 2679 913 2766 πρὸς
943 2680 977 2746 τά
1006 2680 1123 2766 κυρίως
1145 2677 1180 2745 ἓν
1208 2675 1392 2766 α’ναφοράν,

289 2990 322 3046 κδ
341 2989 542 3045 similitudinem
567 2993 759 3059 cogitatorum,
785 2993 977 3044 accommodari
1001 2999 1088 3043 autem
1114 2991 1213 3053 rebus,
1245 2987 1314 3058 quod
1333 2985 1390 3038 alin
1417 2981 1424 2988 “

289 3064 366 3116 nullo
385 3065 463 3115 modo
482 3061 590 3114 facilius
610 3072 651 3114 est
664 3064 771 3115 animali
790 3065 895 3115 ratione
913 3065 1034 3129 praedito
1049 3077 1126 3130 quarn
1148 3075 1216 3114 voce
1236 3057 1389 3120 articulata,

291 3151 359 3203 quae
379 3136 490 3185 formata
510 3142 551 3184 est
560 3137 738 3186 consensione
755 3135 889 3186 hominum
909 3136 1153 3202 ingeniosorumnd
1163 3133 1243 3183 aliam
1252 3131 1390 3196 aliamque

290 3207 506 3272 superstitionem
521 3213 548 3254 et
558 3205 710 3270 dialectum,
730 3207 831 3257 utinde
850 3206 1026 3274 intelligatur,
1046 3220 1099 3256 nnn
1118 3205 1187 3272 apud
1207 3217 1298 3254 omnes
1319 3216 1389 3251 ean-

292 3278 351 3328 dem
371 3291 431 3327 esse
451 3291 518 3338 earu,
537 3275 674 3327 sedaliam
693 3279 762 3344 apud
782 3277 851 3328 alios
862 3292 978 3342 semper,
998 3279 1089 3344 itaque
1108 3293 1167 3326 eum
1187 3281 1337 3340 componat,
1356 3278 1389 3320 ut

292 3349 338 3411 ait,
357 3347 443 3409 ambo,
463 3361 538 3396 nsum
558 3347 714 3398 articulatae
734 3350 809 3399 vocis
828 3351 965 3399 notionem
989 3349 1122 3400 audientis
1143 3355 1269 3398 accurate
1293 3351 1387 3410 aptare

292 3418 436 3472 secundum
461 3416 659 3467 similitudinem
683 3421 788 3470 notioni
816 3419 950 3486 loquentis
974 3434 1078 3469 omnem
1105 3420 1194 3483 omni,
1220 3418 1287 3468 haec
1314 3414 1388 3465 enirn

292 3493 403 3542 formata
423 3497 450 3540 et
469 3501 595 3554 expressa
621 3489 711 3539 verbis
737 3498 765 3540 et
784 3491 934 3541 nominibus
963 3492 1048 3540 oratio
1068 3490 1113 3552 lit,
1132 3505 1202 3557 quae
1223 3487 1315 3539 formis
1335 3499 1388 3536 aa.

291 3563 339 3614 riis
359 3569 386 3613 et
401 3562 484 3612 initiis
509 3566 537 3609 et
553 3558 649 3608 linibus
667 3561 776 3611 definiat
794 3563 928 3612 materiam
950 3561 1113 3611 indefinitam
1139 3568 1166 3610 et
1184 3559 1340 3611 dissolutam
1359 3563 1389 3605 et

291 3635 328 3686 ita
347 3634 465 3684 externis
485 3632 615 3682 internam
635 3631 764 3698 cuiusque
783 3631 947 3683 veluntatem
975 3634 1115 3694 enunciet,
1135 3639 1224 3682 tamen
1244 3645 1302 3680 eam
1322 3641 1389 3677 casu

292 3714 319 3757 et
336 3706 394 3755 aine
414 3705 506 3755 ordine
530 3703 596 3753 ferri
624 3710 651 3751 et
670 3703 814 3753 secundnm
840 3706 970 3771 cuiusque
996 3705 1128 3754 diversam
1153 3703 1320 3755 volantatem
1339 3713 1388 3748 sa-

290 3776 391 3843 pientia
410 3783 504 3840 postea
533 3774 617 3824 adeo
637 3788 766 3840 aggressa
791 3775 941 3825 hominibus
959 3789 1013 3825 uon
1039 3777 1188 3838 concessit,
1212 3776 1259 3824 sed
1278 3769 1388 3838 legibus

291 3855 318 3898 et
336 3844 438 3912 regulis
457 3845 594 3897 subiunxit
612 3859 669 3895 eam
689 3846 833 3895 secuudum
852 3862 896 3896 aas
908 3861 976 3913 quae
995 3847 1063 3912 apud
1083 3861 1203 3914 quosque
1223 3851 1299 3896 erant
1317 3855 1389 3891 can-

260 3962 264 3970 ,
290 3919 448 3978 tensiones,
467 3931 576 3983 quarum
594 3916 733 3967 nonnullis
753 3917 882 3966 interdum
902 3933 955 3967 non
985 3918 1071 3970 solum
1089 3917 1233 3970 seeundum
1252 3913 1388 3980 supersti-

289 3991 389 4042 tionem
410 3987 622 4054 significationes
640 3989 761 4055 sequitur
780 3989 981 4053 attribuamus,
1001 3991 1048 4039 sed
1068 3991 1145 4042 etiam
1165 3987 1310 4039 secundum
1332 3998 1389 4034 no-

289 4063 362 4113 mina
380 4059 472 4110 eadem
491 4066 518 4109 et
535 4058 626 4108 multa.
662 4061 819 4110 alterutrum
841 4061 932 4124 enim,
953 4068 997 4110 aut
1015 4061 1129 4112 diversis
1147 4059 1300 4112 nominibus
1319 4069 1390 4106 eae-

291 4133 349 4183 dem
369 4147 413 4184 res
432 4131 464 4182 ab
484 4131 517 4182 iis
537 4130 582 4197 qui
596 4131 688 4182 eadem
707 4130 823 4181 dialecto
839 4139 948 4182 utuntur
967 4131 1146 4196 declarantur,
1164 4139 1210 4182 aut
1226 4143 1280 4181 nna
1297 4125 1390 4194 signi-

290 4203 416 4258 ficatione
434 4203 558 4257 diversae
585 4216 628 4254 res
647 4211 692 4254 aut
709 4203 802 4255 horum
822 4205 925 4256 neutris
954 4203 1021 4276 [alia
1048 4206 1171 4257 nimirum
1191 4203 1278 4272 aliisJ.
1316 4211 1390 4272 quae
