3017 4759
284 237 359 313 ate
485 217 491 225 ‘
579 221 809 309 ‘uicmuom
842 236 1070 307 cuneorum

284 409 338 493 τῷ,
359 400 539 490 πεφυκυίας
565 405 624 482 μὲν
656 398 699 475 uic
721 400 759 465 τό
792 398 890 465 πολλοὶ
921 408 986 476 τοῖς
1017 398 1138 481 μεταξό
1159 402 1221 465 τῶν
1242 394 1393 484 δριόντων

284 508 340 569 καί
371 504 540 586 ὁρωμένων
572 512 711 578 τοπικοῖς
741 505 954 587 διαστήμασιν
982 502 1187 585 ἀπατᾶσθαι,
1220 504 1393 586 ἐφιεμένης

285 608 316 670 δ’
337 597 441 680 ἄλλως
464 602 655 688 όδενδήποτε
677 607 734 669 καί
754 602 957 687 ὁπωσδήποτε
984 604 1147 685 συλλέγειν
1169 626 1201 667 τε
1232 604 1286 683 τῆς
1307 602 1392 685 α’λη-

284 712 375 781 δείας
397 704 470 789 ἴχνη
501 706 556 769 aui
582 703 705 780 εἰκόνας
737 703 909 769 ὁποιασοῦν
938 708 993 769 καί
1014 701 1052 767 τό
1078 706 1134 785 τῆς
1161 698 1308 786 τοιαύτης
1334 702 1392 765 ιά-

284 806 408 891 τρεόειυ
435 803 559 892 α’πότης
594 806 768 891 νοσήματα.
823 801 891 869 ἐστι
918 801 978 886 γόρ
1012 802 1047 868 τό
1079 806 1114 869 ἐκ
1141 806 1285 886 κορυφῆς
1308 796 1417 883 όχρι5

286 910 435 988 αοόγωνος
456 899 556 989 όκρου
579 906 664 991 φημί
685 907 740 988 τής
762 899 882 989 ὑπήνης
906 902 1071 985 σπιδαμαί
1094 905 1195 985 μήκος
1222 904 1282 982 μὲν
1303 900 1389 965 όκτοό

185 1010 188 1017 ’
287 1008 342 1073 καί
361 1005 482 1084 εἴκοσι,
515 1004 632 1081 πλότος
653 1009 689 1070 δέ
708 1007 1014 1088 τεσσαρεσκαίδεκα,
1046 1000 1212 1069 δακτύλων
1244 1005 1271 1066 δ’
1291 1000 1307 1065 ό
1329 1006 1393 1082 μὲν

180 1154 185 1160 ·
287 1112 410 1191 πρῶτος
441 1104 522 1171 όκτοό
556 1110 612 1171 καί
636 1101 783 1191 ήμισειάς
811 1102 845 1170 τό
867 1108 994 1188 μήκος,
1027 1104 1055 1169 οἱ
1086 1108 1115 1167 δ’
1138 1096 1229 1168 ἄλλοι
1249 1103 1327 1167 κακοὶ
1353 1100 1393 1166 τό

288 1202 461 1289 όνόλογον·
507 1209 570 1271 τῶν
599 1207 628 1269 δ’
654 1205 834 1291 ὀφθαλμῶν
853 1202 911 1270 dvi
944 1208 1039 1288 spania
1059 1200 1215 1286 ἐκότερος,
1241 1200 1315 1287 ήδέ
1337 1202 1394 1287 ῥίς

224 1326 279 1382 ιο
290 1307 418 1391 ἔγγιστα
442 1306 535 1372 όκτιό.
586 1310 707 1373 τοότων
735 1307 765 1369 δ’
789 1298 890 1380 οότως
913 1305 1059 1387 καθάπερ
1089 1307 1256 1387 στοιχείων
1277 1308 1439 1371 δοθέν-10

288 1434 350 1475 των
379 1405 498 1487 ἔξεστιν
533 1406 699 1489 ἐντεῦθεν,
726 1404 838 1471 δπόσοι
871 1408 1071 1489 χαριέστεροι
1106 1410 1167 1470 τοόν
1199 1406 1394 1491 ζωγράφων,

286 1515 342 1593 κατ’
376 1511 433 1594 τήν
463 1513 526 1574 ταῖν
556 1500 659 1573 όιλλων
687 1509 793 1588 μελσόκ
826 1509 881 1571 καί
915 1510 1022 1589 μεροῖν
1038 1506 1106 1569 καί
1140 1502 1294 1591 increpa
1333 1507 1395 1569 τοῦ

169 1666 176 1678 .
287 1608 403 1685 παντός
422 1611 568 1691 στόματος
602 1605 804 1681 διαπλάσεως
835 1612 890 1693 τής
924 1612 1016 1683 θείας
1046 1609 1163 1691 ἐκείνης
1196 1610 1255 1670 τοῦ
1287 1606 1397 1689 σωτή-

288 1735 342 1795 ρος
362 1712 478 1787 εἰκόνος
500 1710 579 1776 κατὰ
605 1708 640 1774 τό
658 1713 714 1794 τής
747 1711 943 1792 συμμετρίας
972 1705 1126 1791 α’νόλυγον
1154 1704 1214 1791 όση
1231 1713 1280 1782 τίς
1305 1709 1397 1771 ἐστιν

288 1811 390 1887 addaiu
410 1814 655 1894 συλλογίζεσθαι
678 1812 778 1892 μήκος
801 1815 855 1875 καί
875 1811 1003 1890 πλότος.
1058 1806 1113 1873 καί
1134 1812 1236 1874 scito
1258 1811 1396 1889 διῆλθον
1407 1828 1439 1879 15

287 1915 455 1995 ἐμπειρίας
476 1914 566 1977 ἕνεκα
589 1914 650 1975 τῶν
672 1909 937 1995 ἐντυγχανόντων,
958 1910 1127 1992 κράτιστον
1150 1906 1243 1983 εἰδτός
1262 1905 1396 1993 ἐφόδιον

288 2012 334 2088 τίς
357 1995 392 2095 γε
412 2011 469 2095 τήν
493 2016 557 2077 τῶν
579 2003 678 2077 ὅντων
699 2012 874 2095 ἐπιστήμην
897 2015 951 2075 καί
970 2008 1002 2075 εί
1014 2034 1096 2084 τινες
1117 2004 1179 2075 εἶεν
1202 2010 1313 2083 αὐτοῖς
1339 2012 1397 2073 ἐν-

191 2132 197 2144 *
289 2110 507 2196 δεωροόμενοι
531 2108 615 2195 λόγοι
639 2114 737 2198 σοφοί
759 2114 815 2193 τῆς
837 2116 1002 2195 προυσιάς,
1024 2110 1109 2176 andei
1135 2114 1190 2174 καί
1210 2108 1396 2193 Ἀριστοτέ-

289 2218 337 2276 λει
366 2214 460 2278 δοκεῖ.
512 2213 593 2299 φησί
622 2212 682 2297 γὰρ
711 2215 827 2289 ἐκεῖνος
857 2209 1008 2295 αἴσθησιν
1036 2216 1096 2293 μὲν
1117 2214 1282 2293 ἐμπειρίας
1310 2202 1396 2273 εἶναι

291 2312 466 2399 ποιητικήν,
486 2314 543 2397 τήν
567 2317 597 2378 δ’
618 2316 787 2398 ἐμπειρίαν
807 2316 870 2378 τῶν
891 2316 971 2395 πρός
994 2316 1170 2399 ἐπιστήμην
1191 2312 1303 2395 όρχοῖν
1323 2336 1393 2374 πα-
1403 2326 1439 2381 20

291 2419 437 2497 ρεκτικήν
471 2419 505 2478 ἐκ
542 2418 697 2498 διαδοχῆς
724 2414 779 2480 καί
797 2412 1014 2498 συλλήπτριαν
1043 2417 1200 2497 γίνεσθαι.
1245 2410 1394 2477 ἐντεῦθεν

290 2515 352 2595 γὰρ
375 2519 412 2579 οἳ
427 2539 461 2580 τε
482 2517 658 2589 πολυειδεῖς
680 2517 841 2600 ἐρρόησαν
862 2516 917 2598 τής
939 2520 1055 2599 σοφίας
1071 2516 1178 2600 πηγαί,
1199 2515 1254 2577 κατ’
1274 2510 1303 2576 οἱ
1325 2513 1395 2575 ποί-
1458 2516 1464 2523 ’

294 2621 348 2679 λαι
369 2617 424 2701 τής
447 2614 619 2701 ἐπιστήμης
643 2619 817 2702 ἐφευρεταί
837 2617 900 2681 τῶν
922 2640 956 2681 τε
977 2618 1129 2700 αἰθερίων
1151 2618 1206 2679 καί
1226 2615 1395 2697 περιγείων

295 2923 390 2979 oculos
410 2930 626 2996 praetermittere
643 2936 740 2996 mente,
761 2944 840 2998 quum
860 2929 897 2981 ita
915 2931 951 2981 sit
975 2937 1126 2996 comparatu
1146 2924 1205 2993 illa,
1226 2936 1255 2979 ut
1273 2928 1396 2996 plerum.

296 3012 349 3067 que
368 3006 521 3065 spectantes
539 3001 610 3052 inter
628 3009 655 3053 et
673 3016 717 3052 res
735 3008 867 3069 spectatas
895 3002 1061 3069 interpositis
1087 3000 1141 3051 loci
1160 3000 1311 3051 intervallis
1333 3002 1397 3051 ani.

295 3086 365 3121 nrum
391 3069 477 3135 fallat,
503 3086 571 3139 quae
598 3080 685 3124 tamen
716 3072 850 3140 applicata
881 3080 998 3123 ceterum
1033 3072 1149 3139 undique
1179 3079 1205 3131 et
1234 3087 1397 3139 quocunque

296 3141 374 3192 modo
393 3150 463 3206 sunt,
483 3150 512 3193 ut
530 3144 650 3194 veritatis
665 3146 783 3213 vestigia
802 3152 827 3195 et
845 3144 963 3210 speciem
982 3142 1195 3211 qualemcunque
1217 3144 1345 3209 efficiant,
1369 3150 1398 3193 et

297 3212 358 3263 talis
378 3212 478 3264 fraudis
498 3213 604 3264 morbos
623 3223 726 3266 sanent.
766 3223 827 3266 sunt
849 3215 917 3266 enim
936 3210 998 3266 inde
1018 3215 1151 3266 avertice
1164 3230 1249 3281 usque
1270 3214 1398 3266 adsum.

298 3297 365 3333 mam
382 3282 500 3347 barbam,
520 3284 621 3337 labrum
651 3287 710 3337 dico
732 3288 866 3353 superius,
886 3285 1033 3353 spithamae
1054 3286 1081 3335 in
1113 3284 1306 3353 longitudinem
1326 3287 1398 3338 duo.

300 3353 454 3419 detrigintn‚
473 3355 501 3404 in
519 3354 685 3407 latitudinem
705 3358 923 3425 quatuordeeim,
942 3358 1084 3425 digitorum
1110 3365 1196 3407 autem
1217 3359 1315 3422 primus
1335 3363 1398 3407 ueto

300 3433 327 3476 et
348 3425 480 3477 dimidiam
499 3427 526 3476 in
545 3425 739 3493 longitudinem
754 3429 878 3491 hahebat,
898 3438 925 3480 et
940 3428 1038 3496 reliqui
1057 3428 1309 3494 proportionaliter3
1330 3443 1400 3479 ocu.

299 3496 386 3547 lorum
404 3504 458 3549 tres
478 3496 536 3549 iere
553 3498 697 3564 spithamas
718 3499 833 3552 habebat
858 3507 986 3567 uterque,
1006 3514 1085 3551 nasus
1114 3507 1201 3549 autem
1221 3514 1306 3565 paene
1326 3505 1400 3549 octo.

299 3568 340 3620 his
362 3569 399 3619 ita
418 3576 540 3636 tanquam
560 3569 701 3623 elementis
713 3572 869 3638 propositis,
889 3570 955 3622 lieet
971 3571 1043 3635 hinc,
1066 3578 1196 3637 quotquot
1216 3578 1287 3632 suut,
1309 3571 1402 3637 picto.

299 3654 356 3691 rum
375 3640 557 3704 iucundiores,
577 3642 655 3693 etiam
674 3642 829 3710 qualitatem
846 3650 994 3693 ceterorum
1009 3640 1183 3693 membrorum
1205 3645 1231 3692 et
1248 3644 1360 3708 partium
1374 3648 1403 3691 et
1427 3694 1432 3705 .

300 3711 379 3763 simul
398 3714 481 3763 totius
503 3714 623 3779 corporis
642 3714 750 3764 divinae
770 3712 847 3765 illius
864 3712 1006 3765 salvatoris
1026 3719 1129 3765 statuae
1148 3712 1181 3763 ad
1201 3712 1402 3780 aequabilitatis

301 3783 431 3832 rationem
451 3784 538 3835 iactae
558 3785 669 3848 formae,
689 3792 786 3850 quauta
809 3784 866 3836 fere
884 3786 928 3849 sit,
946 3786 1032 3837 statim
1055 3783 1187 3849 colligere
1207 3784 1403 3852 longitudinem
1437 3799 1442 3827 ι

302 3860 329 3903 et
348 3852 415 3902 haec
434 3854 563 3920 descripsi
584 3858 611 3906 in
629 3857 751 3907 notitiam
772 3867 863 3907 eorum
883 3858 928 3923 qui
948 3856 1017 3907 forte
1039 3853 1159 3912 inillam
1181 3855 1308 3919 incidant,
1327 3855 1403 3921 opti.

300 3932 369 3974 mant
386 3921 455 3975 hane
475 3926 564 3976 sciens
585 3927 653 3979 viam
673 3942 734 3978 esse
754 3926 893 3978 adrerum
912 3928 1060 3990 scientiam,
1080 3934 1107 3976 et
1125 3928 1148 3979 si
1167 3927 1250 3993 quiin
1269 3927 1311 3979 hia
1333 3940 1403 3976 cun-

301 3994 451 4053 siderantes
469 4005 609 4049 versenter
628 3997 690 4050 libri
709 3997 846 4062 sapientes
867 3999 1093 4065 prospicientiae,
1113 4000 1242 4051 utetiam
1260 3994 1404 4051 Aristoteli

300 4065 400 4134 placet.
438 4065 504 4118 dicit
534 4065 582 4119 ille
610 4070 714 4135 quidem
735 4084 842 4121 sensum
869 4086 903 4121 ex
921 4071 1061 4123 multarum
1086 4085 1174 4124 retum
1203 4071 1300 4137 peritia
1318 4068 1404 4133 ellici,

299 4140 424 4209 peritiam
442 4148 530 4195 autem
556 4140 689 4211 principia
719 4142 879 4211 disciplinae
898 4143 1027 4212 cuiusque
1048 4150 1075 4194 et
1104 4142 1234 4217 praebere
1254 4150 1281 4195 et
1299 4140 1404 4195 confir-
