3017 4759
310 266 384 344 aaa
514 229 520 239 ⁴
606 234 833 352 mensuum
862 255 1095 335 essemus

309 463 373 505 ναν
393 437 457 503 τάν
478 435 537 522 τ’ἦν
561 431 723 522 διαφοράν
748 429 888 516 ἐχόντων
909 428 989 514 πρός
1012 417 1151 510 όλληλος
1187 423 1267 512 όρᾷς
1294 421 1343 496 ως
1365 422 1422 484 ⁰¹52

310 537 506 658 άπαγρρεόει
523 531 676 658 Ἰαόννῃς
698 529 849 610 όθεῐος’
835 557 870 598 εκ
889 531 1071 613 Δαμασκοῦ
1093 525 1160 591 οόδ
1175 527 1246 590 ἐκεῖ
1260 526 1338 588 κατ’
1360 523 1418 648 σιξ·

310 641 368 717 tte,
384 637 420 704 τό
432 637 597 757 παράπαν
628 633 651 700 6
684 639 741 700 νόν
762 634 816 700 tm·
836 635 931 698 so66s
953 629 1156 708 συντίθεται,·
1187 618 1290 708 ἦμάρ
1317 617 1360 688 άν
1382 617 1419 707 ἦν
1494 663 1495 670 1

309 739 408 816 αότὸς
428 735 533 828 ἑαυτῷ
554 733 748 820 μαχόμενος.
791 731 871 800 α’λλά
895 729 992 809 τοῖς
977 755 1011 796 εκ
1031 739 1096 794 τίόν
1116 723 1268 792 τοιοότων
1293 727 1420 811 διαφο-

307 845 373 926 ροόν
403 841 590 922 συγκεῖσθαι
623 836 679 921 τὴν
714 839 808 902 θείαν
835 835 1015 922 φάσκουσιν
1042 829 1154 895 οόσιάν
1181 832 1333 915 ε’πιτιμόι,
1365 830 1438 894 καίει

307 941 468 1022 α’νασσβεῖ
483 940 528 1024 μὴ
549 940 650 1021 λέγειν
669 936 839 1013 ου’σιιόδεις
844 932 1045 1062 διαροράς’
1030 956 1082 998 επι
1078 933 1238 1012 θεοό,α
1217 927 1333 1012 etsta
1357 929 1418 991 ου’-

307 1043 380 1107 σίαν
400 1042 585 1105 συντιθέναι
607 1042 752 1122 λέγονται
774 1032 818 1112 σός
837 1039 888 1122 ἐφ’
906 1035 1006 1155 ripeta,
1028 1035 1096 1096 ἀλλ’
1113 1032 1148 1095 αὶ
1144 1029 1418 1094 διαστέλλουσιν

208 1169 212 1178 ·
307 1145 342 1208 ἔκ
363 1146 427 1206 τιόν
462 1141 597 1205 κτιστιόν
620 1139 760 1205 ου’σιοόν·
811 1135 847 1210 τό
875 1136 938 1260 γάρ
963 1138 1018 1218 τῆς
1047 1133 1140 1207 θείας
1159 1129 1270 1203 ου’σιας
1295 1121 1417 1194 {statas

175 1259 299 1316 mdes.
307 1241 489 1308 παντάπασι
521 1267 573 1306 και
597 1241 720 1305 άπλοόν
740 1236 845 1325 πάσης
874 1241 928 1304 καί
949 1239 1099 1310 παντοίας
1124 1233 1224 1319 πάντῃ
1249 1233 1435 1348 διαφοράςΙ

241 1364 295 1417 1⁸
308 1341 522 1410 α’νεπίδεκτον.
567 1341 587 1426 ἦ
611 1341 673 1425 γάρ
698 1337 840 1428 διαφορά
870 1341 1014 1426 φυσικάς
1035 1331 1231 1456 ἓπομόνῃν”
1209 1356 1337 1416 εχουσα
1360 1331 1454 1417 τῆνὶθ

306 1441 491 1531 ἑτερότητα,
513 1441 728 1530 πληθυντικόν
749 1439 851 1518 εόθός
870 1440 1011 1523 άριθμόν
1032 1433 1231 1518 συνεισάγει·
1278 1429 1366 1498 ὅπου
1390 1436 1419 1496 δ’

308 1547 450 1630 όριθμός
464 1569 517 1641 και
513 1546 664 1631 πλῆθος,
685 1541 825 1628 όπλότῃς
846 1537 928 1608 εἶναι
944 1541 986 1605 ου’
1005 1547 1219 1624 συγχωρεῖται
1240 1533 1417 1620 paratust.

307 1646 454 1731 καθάπερ
486 1674 539 1713 και
569 1647 586 1712 ό
615 1651 704 1722 θεῖος
726 1644 879 1726 Μάξιμος
903 1643 1020 1726 άμερός
1042 1664 1123 1726 φησι
1153 1637 1195 1705 τό
1221 1643 1313 1702 θεῖον
1334 1637 1419 1703 διότι

308 1772 361 1811 και
382 1741 513 1815 όποσον.
548 1773 602 1813 και
597 1745 716 1837 πόλιν
737 1742 824 1810 πᾶσά
847 1769 928 1831 φησι
957 1740 1099 1868 διαφορά
1127 1744 1180 1824 τῆς
1201 1731 1310 1802 όλλοσν
1334 1737 1419 1822 πρός

307 1838 391 1911 sitta
413 1848 496 1912 κατά
517 1848 573 1914 τόν
596 1849 650 1912 τυό
673 1851 738 1923 πυός
759 1840 842 1911 ειναι
856 1846 946 1930 λόγον
967 1839 1190 1928 ἀνομοιότητός
1210 1864 1243 1906 τε
1263 1841 1324 1904 καί
1345 1863 1419 1905 ειε-
1428 1851 1455 1904 15

307 1945 438 2032 ρότητσς
459 1942 540 2014 odae
563 1951 732 2034 δηλωτικὴ,
755 1946 792 2013 τό
817 1943 913 2012 ποσόν
934 1949 998 2010 τεόν
1015 1941 1233 2030 διαφερόντων
1254 1939 1419 2026 πραγμά-

249 2066 252 2071 ”
305 2073 368 2113 ταν
389 2052 586 2134 συνεισάγειν
614 2046 714 2137 ἑαυτῇ
736 2056 897 2137 πέφυκεν,
920 2044 976 2112 εἴτ’
1003 2046 1121 2111 ον’σιαόν
1148 2042 1213 2109 εἴτε
1234 2043 1420 2126 ποιοτήτων

305 2145 362 2212 εἴτ’
383 2148 573 2236 ίδιοτήτων·
627 2154 665 2217 τά
687 2156 747 2234 μὲν
767 2148 830 2236 γάρ
861 2146 905 2234 μό
929 2147 1079 2233 ἀλλήλοις
1106 2143 1206 2232 πάντῃ
1226 2141 1335 2209 redte
1361 2146 1419 2209 ἕνα

299 2249 361 2314 κατ’
381 2249 434 2316 τόν
465 2251 566 2317 αάτόν
599 2255 654 2318 sod
688 2248 771 2318 εἶναι
791 2252 941 2332 ου’δαμάς
972 2251 1155 2330 ἐπιδέχεται
1175 2249 1285 2328 λόγον,
1309 2245 1352 2310 τά
1381 2249 1419 2311 δὲ

307 2351 408 2440 πάντῃ
432 2350 581 2437 atteiam
602 2352 703 2420 ταότά
728 2356 890 2440 διαφοράς
910 2352 1109 2415 άνεπίδεκτα.
1137 2346 1192 2412 καί
1203 2346 1264 2430 γάρ
1289 2341 1456 2418 άπλοῦνεο

307 2452 520 2539 οόμολογῃκάς
550 2455 707 2540 πρότερον
736 2451 819 2521 εἶναι
849 2453 884 2518 τό
907 2459 1004 2531 θεῖον,
1026 2445 1093 2516 εἶτα
1125 2449 1161 2515 τό
1185 2450 1287 2536 πάντῃ
1313 2452 1419 2535 φησίν

307 2552 429 2619 άπλοόν
450 2558 610 2642 διαφοράς
629 2551 712 2621 εἶναι
734 2557 952 2644 α’νεπίδεκτον·
996 2550 1078 2618 διότι
1098 2551 1154 2617 καί
1172 2547 1272 2638 πάντῃ
1294 2548 1419 2615 ταάτόκ

305 2647 412 2741 ἓαυτρῖ
429 2655 485 2721 καί
502 2654 678 2740 μοναδικόν
701 2659 758 2722 καί
778 2647 851 2723 ‘daos
867 2650 949 2734 ὅλοις
971 2646 1129 2742 ἄσχετον,
1150 2653 1194 2730 σός
1214 2651 1249 2719 τό
1274 2653 1312 2718 ε’ν
1326 2655 1420 2741 ποσῷ

198 3038 204 3055 “
304 3029 377 3082 inter
394 3044 424 3082 se
441 3027 566 3082 habent?
601 3029 688 3095 vides,
707 3030 787 3082 utI).
808 3028 1113 3082 loannesDamsscenus
1131 3043 1167 3080 ne
1185 3027 1330 3097 quiequam
1348 3030 1416 3097 qni.

304 3102 365 3154 dem
386 3101 523 3153 contendit
545 3115 726 3171 eorumquae
746 3117 818 3153 nune
844 3102 871 3152 in
891 3117 951 3152 eum
973 3101 1156 3154 conteruntur.
1193 3099 1321 3184 protectq
1341 3103 1416 3152 enim

304 3174 366 3238 ipse
382 3187 472 3223 secum
492 3181 642 3242 pugnaret3
667 3174 747 3225 sed
739 3175 774 3225 sis
793 3175 838 3242 qui
849 3171 956 3224 talibus
981 3172 1156 3226 varietatibus
1182 3171 1318 3223 contineri
1338 3172 1416 3224 divi.

303 3258 365 3294 nam
385 3244 529 3294 essentiam
548 3244 640 3295 dieunt
663 3243 759 3296 obiicit
783 3253 810 3297 et
827 3251 975 3312 repugnat,
993 3261 1029 3297 ne
1049 3241 1207 3296 essentiales
1237 3244 1265 3294 in
1284 3245 1339 3295 dee
1360 3260 1417 3296 vs.

303 3314 415 3365 rietate's
435 3329 496 3366 esse
514 3315 619 3378 dicant,
639 3331 708 3383 quae
729 3317 871 3368 essentiam
893 3316 1030 3381 efficiant,
1055 3317 1129 3367 utin
1147 3313 1241 3379 nobis,
1270 3315 1321 3367 sed
1340 3331 1415 3383 quse

305 3399 321 3435 a
341 3387 439 3437 creatis
459 3387 583 3437 essentiis
602 3351 776 3454 distinguant
814 3389 905 3440 divina
926 3389 995 3439 enim
1015 3389 1147 3450 essentia,
1162 3401 1214 3438 una
1236 3393 1264 3437 et
1282 3387 1415 3454 simplex,

305 3457 390 3508 omnis
416 3463 443 3507 et
463 3457 630 3508 omnimodae
652 3459 791 3510 varietatis
815 3460 987 3526 impartieeps
1015 3466 1065 3510 est.
1111 3472 1172 3508 nam
1200 3458 1321 3510 varietas
1340 3473 1415 3526 quae

305 3527 547 3580 dissimilitudinem
567 3528 647 3581 habet
665 3537 759 3581 natura
772 3531 878 3594 iactam,
898 3529 1028 3596 pluralem
1049 3531 1136 3583 statim
1154 3544 1294 3581 numerum
1314 3530 1415 3583 invol-
1451 3581 1458 3596 ,

238 3621 242 3629 ’
305 3601 355 3652 vit.
374 3600 420 3652 ubi
438 3615 565 3652 numerus
584 3608 612 3652 et
625 3599 766 3653 multitudo
787 3610 837 3666 est,
856 3603 953 3652 unicae
966 3602 1130 3669 simplicitati
1148 3599 1225 3654 locus
1244 3599 1339 3651 nullus
1360 3609 1414 3652 est.

304 3673 524 3757 quemadmodum
544 3673 622 3724 etiam
647 3672 680 3726 Ι).
699 3638 837 3725 llaximus’
856 3674 1015 3758 impartitum
1035 3675 1111 3724 deum
1131 3672 1196 3723 dicit
1217 3680 1244 3723 et
1264 3672 1415 3724 inlinitum.

189 3771 192 3777 ,
304 3750 333 3794 et
350 3742 433 3796 aliast
454 3745 540 3796 omnis
559 3745 677 3796 varietas
695 3759 765 3813 quae
786 3761 874 3797 rernm
894 3746 965 3796 inter
992 3761 1023 3796 se
1046 3745 1251 3810 discrepantiam
1279 3751 1309 3794 et
1327 3744 1416 3795 dissi-

303 3812 479 3866 militudinem
503 3817 537 3868 ad
556 3816 692 3885 qualitatis
723 3817 854 3867 rationem
881 3815 999 3883 explieat
1022 3817 1194 3884 quantitatem
1215 3830 1307 3866 rerum
1327 3815 1416 3866 dissi-

302 3883 411 3935 milium·
426 3901 517 3937 secum
535 3888 647 3951 inducit,
666 3887 726 3939 sive
743 3881 919 3940 essentiarum
938 3889 997 3940 sive
1017 3888 1182 3956 qualitatem,
1201 3889 1261 3938 sive
1280 3887 1417 3954 proprie-

302 3964 395 4008 tatum.
432 3971 501 4024 qnae
522 3959 591 4008 enim
609 3973 664 4010 non
678 3961 787 4009 omnino
808 3960 898 4010 eadem
924 3959 1041 4011 intense
1059 3967 1131 4024 sunt,
1150 3973 1229 4010 unam
1249 3965 1277 4009 et
1297 3957 1416 4009 eandem

304 4028 439 4080 essentiae
456 4029 587 4079 rationem
606 4044 660 4082 non
678 4030 829 4097 accipiunt,
850 4045 919 4098 qnae
939 4045 1004 4083 vero
1024 4032 1096 4084 inter
1114 4047 1143 4082 se
1163 4030 1266 4093 eadem,
1288 4029 1419 4080 usleta-

302 4101 338 4152 tis
355 4100 534 4168 imparticipia
553 4108 623 4152 sunt.
660 4115 722 4152 nam
740 4116 821 4170 quum
841 4101 956 4170 simplex
970 4110 1050 4154 antea
1066 4105 1133 4154 dixit
1151 4102 1240 4166 deum,
1259 4101 1324 4152 dein
1345 4101 1420 4152 sim·

302 4169 369 4240 plex
388 4172 528 4226 senentis
547 4187 608 4227 esse
625 4172 735 4226 omnino
753 4173 926 4258 impartiqeps
943 4174 1021 4228 dixit.
1056 4173 1119 4228 idea
1137 4174 1247 4227 omnine
1267 4171 1322 4227 sibi
1341 4173 1419 4226 idem
