3017 4759
260 253 265 262 ·
311 232 387 337 tot
606 230 1091 335 memnoai'camoaae

243 450 300 508 u
412 431 479 496 Τοῦ
501 427 540 513 δὴ
560 427 702 494 τοωάτου
728 426 987 515 στρατηγήματος
1017 424 1159 509 εάταχοῖς
1176 447 1212 491 τε
1232 420 1295 487 καί
1313 444 1421 506 τρασ-

271 552 275 567 ’
308 531 418 618 μάτων
440 532 516 613 δάκω
537 532 584 618 τῷ
610 534 743 613 βασιλεῖ
768 529 929 616 γεγονότος
957 528 1067 614 ἕτερον
1095 527 1271 613 ἐπιγίνεται
1291 524 1422 608 μεῖζον,

307 638 430 719 μᾶλλον
452 635 487 698 δὲ
507 636 570 699 τοῖν
591 631 677 719 αὐτῷ
697 629 968 715 σπουδαζομένων
981 629 1016 694 τά
1037 629 1185 716 μέγιστόν
1204 626 1312 691 τεκαὶ
1335 648 1422 710 κρα-

147 807 152 824 ¹
307 734 482 802 ταιάτατον.
504 735 560 800 καί
581 734 619 799 τά
639 756 674 820 γε
694 735 819 816 βέλτιον
834 731 889 797 καί
912 732 1185 817 θαυμαστότερον,
1210 726 1261 795 ὅτι
1281 726 1345 791 καί
1366 721 1424 803 ξὺν

163 880 210 915 ,μ
309 836 415 902 votet
438 836 535 923 πάνιρ.
560 832 732 918 ἑπομένου
754 833 816 920 γάρ
838 828 902 917 ἤδη
919 833 976 898 τοτ’
997 829 1204 919 θέρουςῗκαί
1223 836 1289 897 τῶν
1313 826 1447 897 (ἔστα-5

265 922 272 1001 δ
304 936 395 1017 χέων
419 936 689 1023 προκαλουμένων
708 935 780 1012 τοὺς
797 937 950 1020 θεριστὰς
970 932 1027 997 καί
1047 932 1277 1016 άμαλλοδέτας,
1298 950 1422 1012 τετρα-

252 1086 255 1091 -
308 1040 487 1119 ιιισχιλίους
517 1036 634 1113 ἱππέας
668 1036 857 1123 βαρβάρους
888 1033 1067 1120 ἀνειληφώς
1095 1034 1304 1121 πεμφθέντας
1327 1057 1424 1117 παρα

306 1139 364 1201 τοῦ
386 1135 540 1222 Ὑρκανοῦ
560 1138 617 1202 τοῦ
637 1138 786 1221 γαμβροῦ
799 1138 976 1211 Ματδαῖος
999 1133 1018 1197 ά
1042 1131 1194 1216 βασιλεδς
1215 1131 1234 1198 δ
1253 1136 1314 1199 τοῦ
1325 1137 1421 1199 Καν-

178 1238 503 1321 ῐ.274ο.τακουζηνοῦ
529 1235 615 1313 υἱός,
648 1236 703 1299 καί
732 1234 766 1299 εἴ
781 1259 862 1311 τινες
885 1228 947 1299 εἷεν
974 1235 1016 1320 τῇ
1038 1232 1133 1297 αὐτοῦ
1153 1237 1301 1316 βασιλίδι
1322 1232 1418 1299 διιεί-

306 1360 410 1413 κοντος
431 1340 623 1421 στρατιῶται
643 1333 800 1420 Ῥωμαῖοι
819 1336 895 1423 περί
914 1332 948 1400 τδ
964 1334 1126 1420 Βωλερόν,
1147 1336 1203 1401 καί
1223 1338 1347 1424 διαβὰς
1359 1334 1417 1413 τὰς
1427 1350 1455 1403 10

306 1439 382 1524 περί
408 1439 643 1524 Χριστοάπολιν
665 1438 880 1522 ἐστενωμένας
903 1438 1086 1521 παρόδους,
1109 1438 1250 1521 ἐληίζετο
1271 1435 1316 1501 τά
1337 1439 1415 1503 έπέ-

306 1564 395 1604 κεινα
421 1542 593 1606 Φιλιππων
615 1537 721 1617 άστεα,
742 1543 866 1624 μᾶλλον
889 1541 918 1602 δ’
942 1535 1003 1604 ὅσα
1027 1538 1175 1623 περίοικα
1196 1538 1323 1614 τοίποις
1342 1562 1415 1619 χω-

307 1642 363 1724 ρία
381 1639 551 1725 Ῥωμαίων
569 1642 629 1726 μέν
652 1637 744 1719 ὄντα,
780 1638 906 1724 ὖπὴκοα
931 1640 967 1703 δὲ
1000 1643 1194 1723 Τριβαλλοῖς
1223 1640 1259 1702 έκ
1279 1643 1415 1706 παλλοῖ.

198 1761 209 1783 ·
240 1738 326 1806 οῦδ
347 1742 583 1827 προεγνωκότος
612 1745 669 1807 τοῦ
688 1741 744 1825 τὴν
764 1740 878 1826 χώραν
898 1742 1021 1825 ἐκείνην
1051 1742 1222 1825 τηνικαῦτα
1245 1739 1417 1815 διέποντος

309 1845 493 1926 Τριβαλλοί)
501 1892 510 1921 ,
533 1845 589 1907 καί
619 1842 816 1917 ἀντιστάντος
847 1843 880 1905 έν
905 1838 1166 1925 άπλοις,’ἤττφ’θη
1189 1838 1272 1904 κατά
1292 1840 1414 1926 κράτος
1425 1862 1454 1911 15

306 1940 522 2019 Ματθαῖοςδ
545 1944 705 2025 βασιλεύς,
728 1942 784 2006 καί
805 1938 888 2005 ἑάλω
909 1942 969 2025 μὲν
984 1937 1079 2017 αὐτὸς
1103 1943 1175 2021 ζων,
1197 1934 1353 2005 ἑάλωσαν
1377 1941 1413 2004 δὲ

306 2042 362 2108 καί
383 2041 412 2106 oi
433 2050 501 2126 μετ’
527 2043 625 2109 αὐτοῦ
646 2042 763 2124 σχεδὸν
784 2041 919 2118 ἅπαντες
927 2091 936 2120 ,
958 2039 1031 2107 ὅσοι
1051 2041 1096 2125 μὴ
1118 2046 1238 2127 ξίφους
1260 2041 1360 2126 ἔργον
1381 2042 1415 2104 ἐν

305 2148 346 2231 τῇ
367 2145 458 2230 μάχῃ
479 2143 669 2229 γεγένηνται.
711 2147 803 2209 τοῦτο
824 2141 941 2228 μαδιδν
964 2140 982 2207 ὅ
1004 2141 1155 2225 βασιλεῦς
1177 2138 1259 2227 άρας
1280 2144 1316 2205 ἐκ
1342 2141 1414 2207 Λέ-

307 2249 405 2327 σβου,
440 2244 520 2331 ἔνθα
549 2248 719 2331 τηνικαῦτα
742 2243 798 2330 τὴν
819 2241 968 2329 ναυτικὴν
1001 2244 1176 2308 διανέπαυε
1197 2236 1336 2326 δίωαμιν
1356 2243 1416 2305 καί

307 2344 346 2409 τὰ
368 2345 449 2432 πρὸς
478 2349 664 2433 πολιορκίαν
685 2346 828 2413 Φωκέων
856 2347 1055 2411 συντεινοντα
1087 2342 1276 2429 ἦτοιμάζετά
1296 2368 1333 2409 τε
1356 2345 1454 2411 ualet

307 2446 550 2533 προηυτρέπιζε,
573 2448 725 2533 πλήρεσιν
754 2446 866 2523 ἱστίοις
889 2447 1034 2532 καταίρει
1062 2448 1096 2522 ἐς
1113 2443 1154 2511 τά
1175 2444 1267 2530 πέριξ
1286 2444 1414 2527 Ἀβδή-

308 2560 373 2631 ρων
395 2550 533 2624 ἐπίνεια·
577 2551 632 2614 καί
653 2548 803 2635 πρέσβεις
824 2551 946 2627 ἐκεῖθεν
961 2545 1138 2634 πεπομφώς
1157 2549 1204 2634 τρῖ
1226 2553 1282 2613 τὸν
1304 2548 1412 2611 Ματ-

264 2692 268 2701 ·
306 2649 403 2712 δαῖον
420 2649 586 2730 κατέχοντι
607 2650 738 2733 δέσμιον
754 2651 936 2737 Τριβαλλῷ,
956 2648 1012 2714 καί
1036 2649 1148 2737 φιλίαν
1172 2650 1245 2724 δους
1267 2646 1326 2712 καὶ
1350 2654 1413 2711 λα-

409 2960 466 3013 Ηοα
477 2961 622 3013 certamine
638 2962 697 3031 regi
710 2976 839 3029 prospere
855 2962 950 3015 etsiuc
962 2960 1075 3013 voluere
1089 2961 1174 3025 linito,
1194 2961 1219 3011 ei
1237 2958 1310 3011 aliud
1328 2960 1413 3027 quid.

309 3028 367 3084 dem
390 3032 482 3084 everrit
499 3033 608 3084 maioris
628 3034 754 3084 momenti
776 3032 820 3084 vel
840 3035 930 3099 potius
948 3034 1062 3085 omnium
1081 3048 1150 3101 quae
1169 3029 1331 3091 moliebatur
1349 3046 1413 3083 ma-

309 3106 407 3156 ximum
431 3112 457 3154 et
475 3105 672 3172 gravissimum,
693 3112 720 3155 et
738 3105 808 3172 quod
828 3104 924 3157 melius
944 3103 1146 3167 amicabilius,
1165 3102 1294 3155 siueullo
1314 3102 1414 3155 labore

309 3183 499 3241 comparatum.
536 3176 623 3227 media
645 3176 714 3227 euim
733 3183 835 3226 aestate
860 3191 912 3243 qua
936 3176 1027 3243 spicae
1045 3189 1178 3226 messores
1198 3182 1226 3225 et
1244 3173 1414 3225 collectores

309 3245 482 3312 postulabant
499 3261 556 3295 cum
577 3255 701 3315 quattuor
720 3246 839 3299 millibus
859 3247 993 3314 equitibus
1011 3246 1044 3298 ab
1063 3247 1188 3313 Hyrcano
1207 3260 1302 3297 socero
1326 3261 1414 3296 acce.

308 3316 363 3382 ptis
385 3324 411 3367 et
431 3316 607 3369 cum'ceteris
633 3318 747 3384 imperio
768 3332 816 3369 suo
835 3318 947 3370 subditis
970 3318 1099 3370 militibus
1125 3318 1242 3369 romanis
1260 3316 1415 3370 Matthaeus

307 3400 356 3438 rex
376 3386 556 3441 Cuntecuzeui
583 3388 654 3441 silius
672 3390 778 3441 transiit
795 3390 932 3458 angustias
962 3390 1033 3441 circa
1053 3388 1249 3456 chrystopolim
1273 3394 1299 3437 ct
1318 3390 1415 3445 couti,-

307 3470 374 3508 nuas
393 3456 575 3525 Philipporum
601 3460 680 3512 urbes
709 3463 840 3526 vastarit,
865 3462 986 3530 inprimis
1009 3469 1096 3512 autem
1125 3461 1251 3528 regiones
1277 3473 1349 3526 quse
1368 3460 1415 3511 liis

309 3529 428 3581 confines
447 3538 508 3581 suut
528 3530 659 3583 llomaucs
679 3533 783 3598 quidem
803 3533 849 3585 sed
878 3549 911 3583 ex
931 3531 1012 3601 longo
1032 3540 1152 3598 tempore
1172 3530 1294 3581 Triballis
1313 3530 1415 3581 subdi.

308 3608 358 3653 tas.
396 3603 466 3670 quod
495 3618 573 3670 quum
596 3599 723 3653 'l'riballus
754 3606 908 3671 quiteriae
932 3604 973 3655 illi
994 3618 1026 3654 eo
1052 3612 1175 3670 tempore
1194 3609 1319 3669 praeerat
1336 3611 1365 3653 ct
1383 3603 1415 3653 iu

308 3674 388 3724 armis
408 3680 464 3724 eret
483 3674 675 3741 comperisset,
699 3674 847 3727 Matthaeus
866 3690 914 3727 rex
931 3676 960 3726 vi
979 3676 1114 3743 copiarum
1138 3688 1283 3741 oppressus
1302 3674 1413 3740 etipse

306 3746 387 3795 vivus
407 3752 498 3811 captus
519 3753 568 3797 est.
607 3746 676 3811 capti
697 3753 864 3798 eutemsunt
883 3762 941 3798 cum
961 3761 993 3798 eo
1020 3748 1078 3798 iere
1100 3760 1192 3797 omues
1212 3746 1257 3813 qui
1277 3745 1305 3795 iu
1325 3758 1414 3811 proe-

306 3812 345 3865 lio
365 3814 454 3881 gladio
476 3830 530 3866 uon
550 3817 633 3867 occisi
656 3825 740 3868 crant.
779 3817 830 3869 lroc
848 3819 986 3882 nuntiato,
1015 3834 1063 3870 rex
1079 3816 1219 3869 confestim
1237 3815 1326 3867 Lesbo
1344 3831 1414 3883 pro.

307 3885 394 3935 iectus
413 3885 450 3935 ibi
471 3902 550 3953 quum
580 3889 672 3955 copias
692 3886 803 3940 navales
822 3889 979 3957 reliquisset
1007 3898 1034 3941 et
1051 3903 1119 3957 quae
1140 3888 1172 3939 ad
1190 3886 1341 3939 Phocaeam
1358 3902 1413 3954 op.

306 3957 473 4024 pugnandam
492 3959 647 4023 spectabant
666 3968 854 4027 praeparasset
875 3968 903 4011 et
916 3961 1085 4024 instituisset,
1106 3960 1192 4027 passis
1210 3956 1282 4010 velis
1299 3960 1414 4011 aeratis

306 4028 377 4078 circa
397 4027 528 4079 Abderam
557 4032 694 4097 ingressus
725 4039 775 4095 est,
796 4040 823 4083 et
842 4031 905 4083 hinc
924 4032 1031 4100 legatos
1058 4033 1130 4081 misit
1147 4031 1179 4082 acl
1197 4028 1344 4081 lribsllum
1364 4032 1412 4098 qni

225 4132 228 4137 -
305 4100 440 4165 captiuum
460 4099 568 4153 tenebat
586 4102 768 4166 rictiacum,
788 4111 816 4154 et
836 4119 895 4155 cum
915 4119 947 4156 eo
976 4104 1095 4156 amicitis
1113 4103 1179 4154 irrita
1197 4108 1288 4152 mutua
1311 4109 1342 4152 et
1359 4117 1412 4169 pc.

305 4170 392 4223 curtils
410 4171 478 4225 datis
497 4187 551 4223 uon
570 4175 661 4242 paucis
681 4190 740 4225 eum
756 4175 787 4225 iu
806 4181 967 4243 potestatem
980 4191 1053 4229 suam
1073 4175 1187 4242 accepit,
1207 4180 1236 4225 et
1253 4172 1330 4226 misit
1348 4188 1408 4225 cam
