3017 4759
232 158 235 165 ’
300 191 523 267 nrsroamn
552 191 811 291 arzamruan
834 197 929 266 xxv.
947 183 1014 266 11.
1085 215 1103 258 ·.
1161 190 1211 265 aa

101 352 173 428 τοίς
197 354 339 439 ου’σεβεϊν
361 360 541 424 ἐθέλουσιν·
586 356 645 425 ὅσα
671 363 699 425 δ’
724 366 768 436 εἰς
787 359 862 435 τοδς
884 354 1131 443 δημιουργικοδς
1150 357 1212 421 τῶν

106 445 322 539 ὄντων’δγιτός
345 459 512 539 ἐπορεύετο
533 456 658 542 λόγους,
684 464 786 525 ταῦτα
810 459 841 523 δ’
860 461 1005 541 οἷσμένως
1028 454 1211 521 παντάπασι

102 553 192 632 μάλα
217 560 373 639 προσίετο.
428 551 557 623 κιίκείνα
589 562 624 625 δέ
656 564 713 623 τοῦ
747 559 792 643 μῆ
822 563 1004 623 κλονεῖσθαι
1032 554 1122 619 ἕνεκα
1146 563 1211 628 τοῖς

104 658 181 737 περί
214 654 251 721 τοὶ
286 659 416 723 τοιαῦτα
447 668 584 740 κομψοῖς
618 661 680 724 τοῖν
703 662 771 725 ἐκεῖ
796 664 965 742 Λατίνων,
987 660 1044 737 ξύν
1066 681 1100 739 γε
1123 654 1210 742 αὐτῷ

73 750 189 841 δ’ῥηγί,
210 760 266 823 οδκ
287 764 556 847 ἐρραθυμημὲνην
574 760 644 827 τινί
668 761 725 843 τῆν
745 759 887 846 σπουδῆν
900 762 953 848 τῷ
965 761 1075 849 τοιῷδε
1098 751 1210 821 διδδν·

102 882 167 921 των
187 864 277 943 μέρει
299 863 354 946 τῆς
375 864 506 946 τέχνης,
544 858 725 947 ἅττ’δγχον
762 865 824 929 τῶν
847 866 1034 945 Αἰγυπτίων
1060 856 1210 941 Ἀράβων

104 950 219 1038 ὄντων,
251 961 305 1025 καί
331 961 435 1047 συχνοὶ
475 966 531 1027 καί
557 962 800 1040 διαπόντιον-ἐς
821 964 876 1029 τὸν
907 959 991 1049 ῥῆγα
1020 960 1078 1045 την
1099 953 1210 1045 ἔφεξιν

104 1051 304 1143 ποίουμένων
325 1068 449 1148 λογικῆς
463 1088 496 1127 τε
513 1063 641 1144 ὁμιλίας
659 1068 749 1129 ἕνεκα
768 1069 822 1130 καί
843 1061 909 1145 δι’μα
927 1064 1121 1150 φιλοτιμίας,
1143 1085 1210 1141 μα-

104 1162 181 1243 κρδν
207 1165 436 1249 ἐπισυρομένης
456 1164 492 1228 τδ
519 1163 724 1229 ἐπιδεικτικὸν
746 1162 892 1248 Ἀροῖβων
917 1165 1062 1243 ἐκείνων,
1084 1152 1128 1225 ὧν
1150 1158 1208 1224 τὸν

52 1258 228 1331 λοδίπαντα
252 1267 322 1344 βίον
345 1268 531 1349 α’πασχολεῑ,
553 1262 586 1337 εἴ
595 1269 629 1329 τί
649 1289 709 1329 που
733 1269 787 1350 τῆς
809 1265 909 1330 πα’λαι
925 1263 1207 1346 Χαλδαϊκῆς“ἐπι-

101 1358 224 1448 στῆμης
248 1368 446 1431 ἐλλέλειπται
467 1368 646 1447 σωζόμενον
666 1363 712 1432 ἐτι
737 1376 877 1452 σημεῖον.
918 1365 1058 1452 ἔφασκον
1078 1363 1137 1446 γὰρ
1162 1361 1206 1436 ὥς

101 1464 172 1529 ἐπεί
191 1463 230 1529 τοὶ
251 1465 312 1529 ὑπὸ
336 1472 456 1550 γένεσιν
476 1464 575 1532 πάντα
589 1472 645 1532 καί
667 1471 782 1554 φθίσιν
800 1473 837 1555 κη’
849 1470 910 1532 τῶν
932 1465 1090 1549 οὐρανίων
1115 1461 1206 1526 ποιό-
1257 1546 1267 1553 ¹

101 1590 170 1651 τητι
192 1567 247 1631 καί
267 1566 384 1652 κινήσει
416 1556 553 1652 πάσχειν
573 1593 606 1634 τε
624 1574 679 1634 καί
702 1572 933 1634 είδοποιεῖσθαι
962 1562 1038 1649 πρὸς
1064 1567 1121 1628 τοῦ
1146 1564 1207 1646 δη-

100 1668 355 1751 μιουργῆσαντος
377 1664 514 1755 οδριστο,
544 1673 596 1734 καὶ
627 1678 691 1746 τοῖς
713 1673 840 1734 ἐκείνων
871 1674 1145 1752 συοχηματισμοῖς
1172 1685 1206 1727 τε

56 1786 90 1839 15
100 1772 156 1831 καί
177 1779 246 1844 ταῖς
257 1770 337 1853 πρὸς
349 1772 496 1853 τοῖπίγεια
515 1768 751 1836 συνοικειιδσεσι
773 1769 813 1835 τὸ
832 1766 906 1856 ῥίον
925 1770 985 1851 τῆς
993 1766 1102 1848 δλικῆς
1115 1760 1207 1827 ποιό-

100 1890 193 1951 τητος
216 1862 281 1936 οἷον
305 1875 526 1954 νομοθετεῖταί
545 1896 579 1935 τε
603 1873 658 1933 καί
679 1866 883 1955 ῥυθμίζεται,
902 1868 1021 1950 α’νοίγκη
1041 1864 1085 1949 μη“
1107 1861 1207 1930 θάτε-

100 1993 154 2050 ρον
176 1972 234 2050 μὲν
255 1968 373 2036 είδέναι
394 1973 468 2057 περί
481 1971 597 2045 παντὸς
614 1977 787 2052 ποιεῖσθαι,
808 1968 944 2053 θάτερον
959 1970 988 2030 δ’
1006 1960 1055 2029 οὔ.
1099 1958 1202 2062 η’,γοὶρ

101 2063 141 2133 dv
160 2068 266 2153 χωλδν
281 2076 427 2153 βαδίσειε
447 2074 554 2157 τρίβον
571 2074 626 2154 τῆς
648 2070 822 2157 ἐπιστῆμης
846 2067 881 2145 ἐς
904 2063 944 2134 ἐν
966 2066 1043 2149 μῆτε
1064 2068 1106 2151 τῷ
1118 2068 1205 2128 θεω-

99 2174 216 2261 ρητικῷ
237 2170 406 2241 συνάπτειν
444 2173 538 2261 δθέλη
562 2169 596 2238 ιδ
621 2170 794 2253 πρακτικὸν
819 2168 891 2256 μῆν’
926 2162 968 2234 αδ
990 2170 1117 2256 θατέρῳ
1138 2162 1205 2229 θό-

54 2279 91 2335 20
102 2294 204 2356 τερον.
248 2276 305 2359 τῆς
337 2276 398 2359 γάρ
423 2298 473 2338 τοι
497 2274 690 2360 φιλοσοφίας
721 2269 840 2348 ἐντοῖς
868 2273 943 2335 δυσί
964 2264 1084 2344 τούτοις
1105 2264 1204 2332 εἴδεσι

100 2374 346 2459 θεωρουμένης,
382 2375 483 2462 σχολῇ
511 2376 540 2456 γ’
570 2364 609 2437 ἐν
631 2371 704 2447 τούς
740 2370 851 2455 λόγους
884 2373 972 2455 γνοιή
1006 2372 1068 2434 τῶν
1097 2357 1205 2447 ὄντων,

100 2474 218 2536 πολλοῦ
242 2475 271 2536 δ’
295 2468 335 2539 ἐν
358 2476 423 2539 δεῖν
449 2475 528 2540 acroi
549 2472 584 2539 τέ
613 2476 732 2546 ἐντελὲς
768 2473 922 2557 κληθῆναι
953 2466 1072 2554 σοφόν,
1103 2458 1127 2557 ᾧ
1157 2464 1202 2551 μῆ

102 2754 246 2821 praelixam
265 2752 447 2823 egrediuntur,
467 2767 500 2804 ea
516 2751 691 2805 aversabatur
719 2759 746 2804 ct
768 2748 968 2804 abominabatur
991 2758 1021 2803 ut
1043 2750 1088 2817 pia
1107 2750 1202 2803 rivere

102 2823 258 2879 volantibus
277 2822 443 2887 insalubria3
463 2838 639 2893 quaecunque
659 2831 752 2875 contra
770 2823 803 2875 ad
822 2823 1122 2890 rerumrationcsatqne
1135 2838 1202 2874 can.

101 2912 146 2949 sas
164 2897 254 2949 sobrie
272 2904 353 2963 atque
370 2895 506 2947 moderate
525 2894 688 2964 indagandas
706 2895 852 2964 pertinent,
872 2909 905 2945 ea
922 2893 1201 2946 lubentissimeadmi.

100 2970 137 3021 sit
156 2982 188 3019 co
209 2967 315 3035 quidem
336 2964 471 3030 consilio,
489 2981 525 3018 nc
545 2966 748 3019 conturbaretur
766 2964 1065 3034 argutiisolatinorum,
1092 2965 1137 3031 qui
1162 2964 1200 3014 ibi

99 3038 233 3103 incolunt,
254 3047 280 3090 et
298 3038 372 3106 regis
392 3032 486 3104 ipsius',
507 3039 553 3107 qui
572 3039 599 3089 in
618 3037 667 3089 bac
687 3038 827 3089 doctrinae
847 3044 924 3104 parte
944 3051 998 3086 non
1016 3034 1201 3102 levemquan.

98 3111 158 3162 dam
179 3118 258 3177 atquc
276 3110 438 3161 mediocrem
449 3122 557 3174 operam
576 3110 721 3172 insumunt,
742 3109 841 3176 quippe
864 3106 1079 3175 quumAegyptii
1097 3105 1200 3159 Arabes

98 3197 133 3233 cx
152 3182 302 3247 propinquo
322 3180 415 3231 crebro
435 3179 467 3230 ad
488 3194 578 3248 regem
597 3195 646 3245 per
664 3194 736 3229 mare
754 3178 957 3245 proficiscantur
975 3178 1069 3229 doctae
1079 3178 1200 3244 disputa.

96 3252 179 3304 tionis
193 3258 219 3301 et
238 3251 389 3303 ambitionis
409 3265 497 3316 causa,
516 3266 570 3302 non
594 3252 653 3303 sine
677 3265 773 3317 magna
795 3248 845 3301 illa
867 3251 1047 3301 ostentatione
1065 3249 1199 3313 Arabum,

99 3324 144 3390 qui
168 3330 248 3373 totam
268 3323 349 3373 vitam
368 3322 396 3371 in
417 3336 449 3371 eo
469 3330 574 3389 ponant
588 3322 718 3385 studium,
739 3330 768 3372 ut
786 3321 928 3388 indagent,
953 3322 976 3371 si
1001 3321 1071 3389 quod
1097 3321 1198 3378 veteris

73 3419 84 3439 .
98 3393 260 3447 chaldaicae
279 3392 417 3444 doctrinae
435 3391 521 3445 adbuc
540 3392 684 3459 vestigium
705 3400 837 3462 seruetur.
875 3391 999 3443 dicebant
1019 3393 1100 3457 enim,
1120 3406 1200 3459 quum

97 3464 131 3515 ab
154 3464 251 3529 opifice
270 3463 407 3515 delinitum
427 3472 507 3527 essct,
527 3472 556 3515 ut
574 3464 671 3527 onmia,
692 3479 760 3530 quae
781 3464 903 3514 oriuntur
924 3470 950 3513 et
968 3464 1112 3527 intereunt,
1132 3477 1199 3513 coe.

98 3536 207 3587 lestium
231 3536 347 3587 siderum
371 3532 499 3601 qualitate
526 3543 552 3586 et
571 3542 644 3585 motu
670 3534 852 3586 efficerentur¹
869 3541 896 3584 et
919 3534 1095 3585 formarentur
1121 3541 1201 3599 atquc

98 3620 192 3657 corum
212 3604 437 3657 collocationibus
457 3620 487 3656 ac
507 3607 665 3670 rationibus,
685 3621 754 3674 qnae
772 3606 806 3656 iis
837 3620 895 3656 cum
925 3603 1005 3656 rebus
1029 3602 1218 3655 terrestribus*

97 3676 307 3740 intercederent,
330 3674 427 3725 llumen
447 3678 574 3728 materias
595 3679 671 3745 quasi
689 3675 796 3744 legibus
815 3683 957 3743 regeretur
975 3674 1200 3725 atmodulateor.

95 3750 249 3811 dicaretur,
267 3760 432 3815 nequaquam
452 3747 530 3798 nobis
549 3749 705 3800 studendum
725 3762 796 3811 esse,
817 3754 846 3797 ut
863 3745 949 3797 altero
974 3745 1101 3814 neglecto
1128 3744 1200 3796 altc-

95 3836 154 3871 rum
183 3826 285 3869 tantum
309 3832 543 3885 cognosceremus.
588 3834 693 3871 caecam
718 3819 788 3870 enim
813 3818 942 3885 quandam
967 3818 1105 3869 doctrinae
1130 3817 1202 3870 viam

96 3890 223 3959 ingredi,
244 3890 289 3957 qui
314 3904 365 3940 nec
389 3904 448 3939 curn
475 3889 659 3957 speculatione
685 3890 780 3956 praxin
811 3890 975 3956 coniungere
1000 3888 1087 3940 vellet
1112 3901 1201 3955 nequa
1250 3898 1256 3908 ’

97 3978 158 4013 cnm
183 3960 271 4012 altero
291 3960 412 4011 alterurn.
451 3976 530 4028 quum
557 3962 627 4012 enirn
652 3962 680 4011 in
698 3959 801 4011 duobus
821 3959 895 4011 hisce
912 3960 1057 4027 generibus
1075 3958 1201 4026 pbiloso-

97 4033 178 4101 pbiae
200 4030 391 4099 contemplatio
411 4040 581 4097 versaretur,
608 4047 666 4083 cum
686 4031 755 4083 haud
774 4046 838 4082 sane
857 4047 945 4084 rerum
967 4033 1085 4083 rationes
1104 4028 1201 4097 cogni-

95 4113 186 4157 turum
205 4112 232 4156 et
243 4103 355 4156 multum
368 4101 474 4167 abesae,
496 4103 671 4170 utperiectua
691 4103 797 4170 sapiens
812 4101 943 4170 appellari
963 4111 1064 4169 posset,
1084 4102 1201 4169 quinon

190 4212 354 4285 Niccpbcm
379 4213 490 4283 (ἕτερον.
516 4210 569 4264 Vol.
589 4210 643 4267 111.
1003 4212 1021 4265 3
