3017 4759
207 261 428 329 nrsronrrs
453 259 712 328 svzirnsrvrn
726 263 868 327 xxxin.
886 244 1070 330 tt—io.
1125 249 1201 331 tta

12 439 18 474 t
103 423 187 511 φιάν
209 423 350 512 ἔγραψεν
370 421 453 510 όμῖν,
474 422 523 502 σός
539 424 595 491 καὶ
615 421 654 491 ἐν’
667 424 787 502 πάσαις
806 421 877 502 ταῖς
896 426 1078 501 ἐπιστολαῖς
1096 427 1202 490 λαλῶν
1234 487 1239 494 ,

17 561 20 571 ·
102 527 139 590 ἐν
172 524 283 603 αὐταῖς
311 527 389 612 περὶ
415 525 543 592 τοόταν.
586 527 619 591 ἐν
654 519 705 604 αἷς
732 526 801 593 ἔστι
821 523 987 612 ’δυσνόητά
1004 533 1104 605 τινα,
1130 524 1202 592 ἀοῖ

14 649 20 658 ·
104 625 246 709 ἀμαθεῖς
266 627 323 693 καί
345 628 537 715 ἀστήρικτοι·
548 631 763 714 στρεβλοῦσιν,
779 624 822 704 οἷς
842 628 898 693 καί
916 611 973 718 τός
995 625 1107 703 λοιπός
1120 651 1201 714 γρα-

11 753 16 786 ι
103 729 179 813 φός,
200 729 282 814 πρὸς
301 728 358 814 τὴν
378 730 465 794 ίόιάν
485 728 588 793 αὐτῶν
611 728 799 794 ἀπώλειαν.”

72 835 91 888 5
201 827 313 918 Ὁρᾶτε
335 833 410 908 πῶς
429 835 563 908 διτταῖς
581 830 734 908 τοιοότοις
753 835 893 928 συνετῶν
904 828 987 915 όμοῦ
1006 829 1063 896 καί
1083 827 1266 916 etipse-10

12 960 14 988 ι
82 930 211 1014 Ι’μόνον
242 932 298 996 καί
328 931 457 1018 οὐδαμῇ
487 931 730 1015 κακοδαιμόνων
759 931 944 1017 ἀκροατῶν,
982 929 1090 997 iustos
1121 927 1202 1017 πρός
1227 943 1231 955 ’
1270 1017 1276 1025 ¹

12 1063 18 1099 ,ι
102 1033 249 1116 ἀμαθίας
273 1030 415 1117 ἄμουσον
435 1039 588 1116 μουσεῖον
612 1036 727 1118 φοιτᾶν
749 1033 905 1098 εἰώθεσαν
925 1035 960 1097 ἐκ
994 1033 1120 1099 παίδων
1146 1034 1327 1100 καίλλλὸε.

12 1163 17 1200 ι
100 1135 224 1198 ἐπαλέα
245 1136 370 1220 λέσχην,
394 1130 475 1199 όποα
496 1136 634 1221 μηδαμῇ
653 1135 856 1219 δικαιοσύνης
875 1124 1091 1221 γεωργεῖσθαι
1110 1128 1202 1201 ἴσασι

12 1269 16 1301 r
101 1233 238 1321 καρποί,
270 1234 350 1318 μήτε
380 1235 443 1320 μη“ν
473 1233 540 1299 οὐδ’
573 1233 602 1299 οἱ
623 1242 690 1320 μετ’
722 1235 837 1322 ἀρετῆς
858 1234 1201 1323 εὐδοκιμεῖν-ἱδρῶτες,

12 1371 16 1407 ,ι
53 1343 91 1397 10
103 1333 187 1399 ἀλλὰ
205 1337 320 1412 κακιάς
340 1333 496 1422 τρόφιμοι
519 1336 626 1422 φωναί
646 1337 702 1401 καί
722 1339 880 1422 γλῶτται,
912 1337 968 1402 καί
988 1338 1069 1425 πρός
1087 1360 1123 1424 γε
1142 1363 1201 1402 πο-

99 1438 203 1523 νηραί
218 1461 252 1502 τε
279 1435 335 1502 καί
359 1426 550 1524 διάστροφοι
573 1437 712 1502 διάνοιαι
740 1436 834 1523 πρός
849 1434 906 1521 τὴν
934 1438 1021 1504 ι’όίαν
1040 1435 1203 1524 όπόληφιν

11 1557 15 1610 ὲ
100 1536 143 1602 τοὶ
173 1539 238 1603 τῶν
266 1537 366 1603 θείων
390 1538 536 1622 πατέρων
558 1538 823 1623 ὃιασίρέφοοσαιΙ
846 1536 993 1623 ῥήματα·
1045 1535 1064 1602 ό
1087 1536 1203 1622 δήκαὶ

12 1689 13 1715 ,
99 1642 269 1722 Παλαμᾶς
295 1638 482 1723 τετόλμηκεν
515 1640 566 1726 ἐφ’
590 1637 700 1724 ἡμῶν,
728 1638 933 1727 μισθοφόρον
955 1634 1091 1727 όργανον
1126 1640 1202 1705 ἀσε-

12 1786 13 1802 ,
100 1741 193 1823 βειάς
214 1739 379 1826 γενόμενος
399 1732 510 1805 ἓκοντί.
560 1739 631 1805 ἐπεί
652 1743 681 1806 δ’
709 1743 741 1817 ἐς
768 1741 842 1806 τόόε
867 1742 979 1819 τέλους
1000 1735 1136 1823 εόζοονον
1156 1742 1201 1806 εἰ-

52 1851 90 1904 15
103 1847 176 1906 πεῖν
199 1840 255 1906 καί
277 1841 367 1924 μα’λα
387 1841 423 1925 γε’
451 1865 482 1905 τι
511 1837 623 1932 ῥηίδιον
652 1838 765 1928 τὸτῆς
788 1843 957 1922 διαλέξεας
978 1843 1098 1927 ἐκείνης
1119 1842 1200 1925 ε’χαό-

103 1965 153 2028 ρει
185 1941 373 2027 προοίμιον,
404 1940 461 2005 καί
487 1938 545 2017 τός
572 1944 635 2006 τῶν
656 1945 861 2025 Παλαμιταῑν
881 1945 1009 2009 ἕκεινων
1030 1940 1200 2028 όμολογίας

12 2098 14 2114 ,
101 2040 156 2106 διὰ
177 2043 240 2106 τῶν
260 2041 358 2107 θείων
376 2043 433 2107 καί
453 2041 601 2130 ἀφόκτων
621 2045 758 2130 γραφῶν
781 2043 1034 2131 ἀναμφιλέκτοις
1054 2045 1090 2107 ἐκ
1111 2043 1200 2128 πριό-

12 2199 13 2204 ,
99 2169 155 2228 της
177 2144 278 2230 φόνοι
298 2131 449 2229 γραμμῆς
470 2141 488 2207 ὁ
506 2145 538 2208 Γ
539 2147 679 2229 ρηγοριῖς
699 2145 874 2229 ἐχειροῦτο,
898 2144 954 2208 καί
973 2145 1053 2229 μιάν
1073 2142 1201 2208 ἔπειθεν
1231 2147 1234 2157 “

100 2240 265 2329 ὁμολογεῖν
286 2239 369 2308 εἶναι
392 2243 527 2329 θεότητα
550 2241 695 2308 ἀκτιστον
722 2244 778 2308 καί
799 2248 868 2332 φῶς
896 2246 931 2310 ἓν
953 2245 1125 2332 ἀπρόσιτον
1146 2243 1202 2307 κατ’

52 2343 289 2425 φοάδιάδοχον,
321 2343 379 2430 τὴν
402 2345 568 2432 μακαρίαν
594 2343 650 2412 καί
677 2348 929 2431 τρισοπόοτατον
949 2345 1049 2431 μόνην
1078 2344 1199 2423 οόσίαν,

19 2437 23 2443 ’
100 2446 155 2509 καί
175 2445 353 2532 ταύτηνμὴ
374 2447 487 2530 μόνον,
503 2445 638 2534 ἀόρατον
662 2443 743 2510 ἀλλά
769 2448 826 2513 καί
846 2449 902 2513 νοῦ
923 2448 979 2513 καί
999 2449 1094 2534 λόγου
1117 2471 1198 2512 παν-

12 2633 13 2636 *
99 2542 152 2620 τός
183 2542 361 2632 όπερτέραν
393 2549 599 2628 παντάπασι,
633 2546 821 2614 “σκεπτὲον”
853 2547 955 2637 ἔφησε
983 2547 1104 2615 “πόθεν
1138 2547 1267 2626 κάκ..

100 2645 195 2724 ποίας
211 2647 315 2724 αἰτίας
336 2646 698 2737 όρμοόμενοςΠαλαμᾶς
718 2652 863 2739 δεότερον
883 2652 1089 2739 ἐδογμάτισεν
1111 2647 1198 2759 ἀντεῖ

101 2944 144 2991 eut
169 2915 248 2990 et'in
273 2933 395 2990 omnibns
419 2933 558 3004 epistolis,
578 2921 703 3008 ‘loquens
721 2935 749 2990 in
776 2937 815 2990 eis
834 2937 868 2990 (ie
888 2937 946 3003 his)
973 2939 1001 2990 in
1022 2898 1117 3008 qnibns
1136 2945 1197 2994 sunt

101 3008 228 3077 quaedam
247 3005 368 3060 diiiiniiia
386 3007 537 3073 intellectu,
556 3023 625 3077 qnae
642 3009 745 3062 indocti
759 3017 787 3061 et
795 3008 934 3061 instabiles
951 3009 1108 3077 depravant,
1126 3013 1196 3065 sient
1226 3069 1228 3075 ,

101 3088 128 3132 et
145 3087 248 3132 ceteras
266 3079 426 3146 scripturas,
450 3080 482 3132 nd
507 3096 581 3132 suam
606 3082 724 3148 ipsorum
752 3079 959 3148 perditionem.”

170 3175 264 3228 Videte
273 3177 356 3244 igitur
367 3184 396 3228 nt
406 3176 555 3228 huiusmodi
568 3193 611 3229 res
624 3177 778 3230 desiderent
785 3177 859 3245 virop
871 3179 1014 3244 prudentes
1027 3187 1055 3230 et
1064 3178 1194 3246 placidos,

101 3263 150 3299 nee
161 3261 226 3301 vern
236 3249 372 3300 auditores
382 3247 514 3316 malignos
525 3249 618 3317 quales
629 3257 690 3300 sunt
700 3249 745 3316 qni
754 3249 923 3316 ignorantiae
931 3265 1050 3303 museum
1059 3252 1194 3304 indoctum

102 3319 271 3388 frequentare
291 3319 353 3371 inde
371 3337 387 3372 s
404 3321 521 3388 pueritia
534 3328 698 3373 consuerunt
711 3329 737 3372 et
756 3321 877 3373 officinas
897 3322 1021 3376 ferrarias
1040 3322 1085 3374 nbi
1106 3339 1196 3393 neque

100 3391 216 3443 iustitiae
235 3389 336 3442 fructus
357 3393 499 3459 enpiuntnr
515 3401 605 3460 neque
627 3392 707 3444 sudor
726 3391 813 3459 pulcri
837 3391 937 3445 laboris
957 3395 1127 3460 sestimatnr,
1148 3395 1196 3448 sen

101 3462 235 3529 nequitiae
255 3476 337 3513 voees
360 3471 386 3516 et
406 3462 516 3531 linguae
536 3463 651 3516 clamant
670 3472 696 3516 et
716 3463 803 3515 maiae
831 3478 984 3532 pravaeque
1001 3468 1127 3518 notiones
1145 3480 1194 3533 prn

102 3534 229 3600 cuiusque
249 3530 345 3584 mentis
364 3533 544 3604 intelligentia
564 3542 658 3601 captne
676 3543 834 3592 snsrctornm·
847 3545 949 3603 patrum
968 3544 1112 3604 praecepta
1130 3553 1196 3605 per.

101 3611 216 3656 vertunt.
255 3604 325 3672 quod
343 3605 413 3657 inter
433 3621 483 3656 nos
500 3605 619 3658 Pslnmas
639 3599 719 3659 ansus
740 3615 789 3672 est,
813 3610 858 3675 qni
879 3606 949 3660 ultro
967 3608 1112 3672 impietatis
1130 3608 1196 3660 snb.

101 3674 193 3728 sidium
213 3676 314 3727 exstitit
333 3691 411 3743 quum
431 3677 463 3728 ad
483 3675 551 3730 iilud
572 3678 641 3730 bene
662 3686 823 3731 exstructam
843 3687 872 3730 nt
890 3679 928 3729 ita
947 3678 1033 3729 dicant
1052 3685 1079 3730 et
1096 3678 1196 3731 subtile
1286 3684 1288 3697 '

101 3745 254 3798 dialectices
275 3749 440 3813 prooemium
459 3762 489 3798 se
507 3748 672 3816 nceiegiss'nt·
691 3757 718 3801 et
731 3749 916 3801 Pelamitarnrn
936 3746 1103 3818 homologias
1121 3750 1216 3804 divi..

100 3818 140 3870 nis
159 3825 186 3868 et
205 3817 315 3870 invictis
334 3819 472 3885 scripturis
491 3821 614 3886 primunt
632 3821 721 3872 dicant
735 3820 854 3873 litterula
865 3819 997 3888 Gregoras
1011 3823 1194 3888 repressisset.

101 3889 144 3956 qni
165 3903 242 3940 unam
262 3889 399 3941 contendit
420 3905 479 3942 esse
498 3891 623 3943 deitatem
640 3893 785 3943 increatam
814 3900 841 3942 et
860 3889 948 3942 lucem
973 3907 1051 3944 unam
1070 3893 1194 3946 inseces-

100 3959 202 4013 sibilem
221 3968 248 4013 et
267 3961 453 4026 sempiternam
478 3959 666 4014 beatitudinem
696 3971 723 4014 et
748 3964 777 4014 in
803 3963 923 4014 trinitate
945 3979 1022 4016 nnans
1052 3965 1195 4016 essentiam
1272 3992 1277 4002 ι

101 4047 208 4100 eamque
226 4046 279 4085 nnn
302 4030 387 4084 solurn
407 4031 570 4084 invisibilem
595 4033 642 4084 sed
672 4037 749 4087 etiam
777 4049 858 4101 snpra
882 4043 996 4087 mentem
1013 4051 1045 4088 ae
1062 4037 1195 4087 rationein

98 4110 212 4156 nostrvm
233 4103 355 4170 positam.
379 4103 565 4172 inquirendum
579 4113 666 4156 antem
684 4106 773 4174 inquit
787 4105 858 4157 nnde
881 4113 907 4158 et
925 4121 978 4175 qna
995 4109 1100 4160 ratione
1118 4120 1194 4160 enm.

96 4183 181 4230 snotas
199 4174 318 4230 i’nlnmss
337 4173 449 4229 niteram
465 4176 589 4230 statuerit
608 4191 667 4230 esse
685 4177 774 4230 lucens
791 4177 946 4244 herentem,
965 4178 1069 4250 angelis
1087 4179 1195 4250 quiden
