3017 4759
284 205 357 287 524
580 220 805 289 arcanuour
836 215 1066 303 eauooaau

283 384 404 470 πένησι,
427 386 483 451 κατ’
505 388 587 451 πάσι
609 381 725 465 σχεδόν
739 390 876 469 λογικοῖς
895 382 951 446 κατ’
967 380 1103 467 ἀλόγοις,
1124 379 1200 451 ὅταν
1221 386 1291 457 τοῖς
1311 384 1392 464 βελ-

281 486 366 552 τιόσι
375 490 590 569 νομοθετοῖσιν
604 485 632 550 οἱ
645 487 806 551 κάκιστοι·
842 482 951 569 οὐγὰρ
966 482 1002 548 τό
1021 481 1197 568 διεφθορὸς
1206 485 1269 546 τῶν
1283 480 1391 567 δροόν-

202 617 205 621 ’
283 612 345 653 των
367 589 600 673 κατευθυνθείη
619 582 657 653 άν
667 609 742 651 ποτε
756 582 835 667 πρός
850 585 1007 668 εὐνομίαν,
1030 582 1098 648 οὐδ’
1121 580 1154 647 εἴ
1162 608 1195 647 τι
1206 584 1320 667 νοσοίη
1331 585 1392 665 τῆς

283 690 453 765 πολιτείας,
478 687 766 775 παρασκευασθείη
785 685 866 771 πρὸς
884 683 941 769 τήν
963 684 1040 770 πρὶν
1063 682 1186 761 εὐεξίαν
1207 686 1389 768 παλινδρο-

283 797 363 873 μεῖν,
386 787 467 853 άλλά
490 793 599 877 πολλῷ
617 788 798 855 τούναντίον
810 789 920 873 γένοιτ’
948 783 994 864 άν,
1015 786 1416 871 παραπαιδαγωγούντος5

284 892 340 954 τοῦ
359 891 558 975 χοροστάτου
581 890 636 956 καί
659 888 942 965 διδασκάλου,καί
968 888 1123 969 χωλεύειν
1143 889 1308 962 ποιοῦντος
1329 890 1391 951 rori

285 993 384 1069 καλοῦ
411 992 541 1074 καὶτῆς
563 990 717 1076 ἀληθείας
743 986 798 1053 τόν
833 989 961 1074 δρόμον.
1012 988 1163 1073 πρόξενος
1193 986 1256 1071 γάρ
1291 986 1391 1062 αὐτός

286 1087 433 1176 ἄντικρυς
459 1090 579 1174 γίνεται
603 1098 708 1156 νοσεῖν
739 1089 796 1154 καὶ
813 1086 850 1154 τό
886 1087 1043 1174 ὐγιαῖνον,
1069 1090 1177 1166 καίἔξ
1200 1087 1312 1174 οὐρίας
1336 1088 1391 1153 άεί

283 1192 485 1272 καταβαίνειν
506 1191 587 1275 πρὸς
614 1188 649 1255 τό
674 1188 902 1277 φθειρόμενον·
966 1191 1022 1256 καί
1053 1188 1072 1254 δ
1098 1188 1154 1273 τήν
1182 1188 1388 1275 ἐρημίανῶς

283 1290 400 1355 ἐπίπαν
427 1289 577 1374 ἐκτήσατο
610 1293 786 1377 πάρεδρον,
820 1290 1070 1378 ἀντιφωνοῦντος
1101 1288 1190 1376 αὐτῷ
1219 1292 1277 1353 τοῦ
1309 1292 1386 1372 βίου
1397 1295 1429 1348 10

281 1398 347 1466 τοῖς
369 1393 472 1475 λόγοις
494 1392 551 1457 κατ’
570 1383 591 1478 ᾗ
611 1393 755 1457 τέτακται
778 1391 947 1477 διοικήσει·
980 1388 1089 1476 ὥσπερ
1111 1389 1174 1476 γάρ
1201 1390 1387 1474 δικαιοσύνη

283 1492 449 1566 κοινωνίας
471 1492 648 1576 ποιητικόν,
673 1489 772 1567 οὐτως
797 1490 1003 1577 άκοινάνητον
1033 1490 1143 1556 ἀδικία
1163 1490 1219 1555 καὶ
1240 1490 1386 1555 σύνοικον
1418 1540 1426 1547 .

283 1593 416 1681 ἐρημίᾳ,
437 1592 582 1680 θηριώδη
616 1596 754 1658 ποιοῦσα
782 1591 836 1657 τόν
863 1595 935 1676 βίον
955 1593 1009 1658 καὶ
1038 1592 1241 1657 παντάπασιν
1264 1574 1385 1676 ἄγριον.

217 1691 338 1777 Ιῧτήν
359 1694 420 1779 γάρ
442 1718 491 1758 τοι
512 1694 603 1759 πόλιν
623 1698 655 1773 ἐξ
675 1696 784 1758 οἰκιῶν
805 1694 1012 1779 συγκειμένην
1033 1694 1217 1776 κοινωνικῆς
1238 1692 1386 1770 εὐταξίας

284 1793 433 1875 θεμέλιον
465 1787 548 1857 εἶναι
581 1795 699 1880 άνάγκη
730 1796 787 1859 καί
815 1796 921 1877 νόμων
951 1796 1084 1859 δικαίων
1117 1792 1426 1879 ἒμπεφραγμένηνίὸ

287 1897 430 1975 δεσμοῖς·
476 1885 504 1982 ηδ
523 1897 722 1983 γοῦνοῖκίας
757 1900 798 1960 δι’
822 1894 967 1977 άμαθίαν
996 1897 1051 1958 τοῦ
1078 1898 1253 1980 κρείττονος
1273 1893 1384 1978 ήκισθ

287 1993 436 2079 άρμόττει
463 1997 643 2081 προστασία
650 2044 659 2074 ,
693 1997 869 2060 πολλοστοῦ
887 1992 972 2069 τινός
1003 1995 1124 2080 μέρους
1142 1996 1270 2079 μακρᾶς
1292 2000 1384 2057 πολι-

284 2096 381 2172 τείας,
403 2097 521 2161 notiori
541 2101 626 2178 pavr
650 2092 688 2161 άν
710 2096 831 2181 δεήσειε
847 2096 981 2170 δεόντως
1002 2095 1124 2171 πόλεως
1147 2093 1222 2179 ὅλης
1241 2097 1384 2180 προστῆ-

285 2219 347 2261 ναι.
391 2192 434 2273 οδς
455 2200 530 2281 γοῦν
547 2198 611 2260 ταῖν
633 2197 812 2283 άνθράπων
834 2184 861 2284 ᾧ
887 2198 957 2280 δίκη
977 2197 1032 2260 καὶ
1053 2194 1184 2278 εὐνομία
1204 2196 1383 2279 συντέθρα-

284 2319 369 2371 πται,
399 2294 495 2381 τούτῳ
518 2296 573 2362 καί
599 2295 634 2361 τὸ
647 2299 807 2393 βελτίστῳ
828 2321 863 2361 τε
885 2290 1042 2360 εἶναικαὶ
1064 2292 1144 2359 κατά
1166 2295 1202 2359 τό
1222 2295 1383 2376 βέλτιστον
1391 2302 1426 2358 20

286 2384 630 2483 ἄρχεινῧπροσγινεται,
653 2396 788 2485 αὐτωςιρ
811 2398 865 2482 μή,
883 2395 1048 2482 τούτῳκαὶ
1059 2396 1211 2482 χειρίστῳ
1235 2396 1382 2480 γινεσθαι

285 2493 366 2561 κατὰ
390 2495 424 2561 τό
463 2496 633 2564 άντίπαλον
667 2498 778 2564 ἕπεται
809 2499 864 2562 καί
892 2495 1096 2581 παγχάλεπον
1129 2491 1241 2581 ἄρχειν
1269 2492 1380 2579 ἀρχήν.

217 2592 406 2682 wippam
429 2597 491 2683 γάρ
514 2599 548 2661 ἐκ
572 2597 700 2683 φάσεως
723 2586 905 2684 ’ἄνθρωπος
926 2595 1010 2676 ἔχων
1041 2592 1121 2680 πρός
1144 2595 1266 2681 άρετοῖν
1286 2596 1379 2680 ἐργα-

286 2698 359 2763 σίαν
380 2698 566 2774 πολυειδῶν,
590 2698 619 2761 εἰ
639 2696 685 2781 μή
705 2699 851 2780 βούλοιτο
865 2700 936 2784 δίκη
948 2719 982 2784 τε
1002 2696 1058 2774 καὶ
1079 2695 1209 2785 εὐνομίᾳ
1232 2698 1378 2761 διοικεῑσ-
1482 2671 1484 2776 l

283 2989 404 3044 omnibus
430 2993 524 3059 peritis
552 3001 578 3046 et
595 2994 742 3062 imperitis,
767 2995 791 3048 ai
815 2994 970 3048 melioribus
998 2996 1108 3063 pessimi
1132 2996 1272 3062 imperant.
1319 3010 1377 3048 nam

282 3064 478 3133 praefectorum
496 3066 691 3132 improbitatem
709 3082 764 3119 non
792 3067 923 3120 direxeris
943 3082 1059 3135 unquam
1082 3068 1115 3119 ad
1133 3066 1216 3118 bonas
1233 3066 1310 3134 leges
1328 3082 1377 3117 nec

282 3135 387 3202 siquid
406 3135 558 3201 respublica
576 3145 700 3206 aegrotet
717 3139 749 3190 ad
768 3139 906 3205 pristinam
926 3138 1083 3190 felicitatem
1103 3138 1217 3190 reditum
1236 3137 1316 3188 laeile
1335 3137 1375 3188 el.

282 3206 399 3269 leceris,
420 3205 467 3256 sed
488 3206 567 3273 plane
593 3210 753 3260 contrarium
773 3210 881 3274 leceris,
901 3225 979 3277 quam
998 3212 1021 3262 si
1037 3209 1190 3261 choroatata
1206 3216 1234 3259 et
1252 3210 1378 3277 magister

281 3277 396 3329 instituit
423 3284 450 3327 et
473 3276 625 3329 claudicare
651 3279 729 3331 docet
753 3281 823 3332 inter
848 3281 953 3348 pulchri
984 3289 1012 3335 et
1030 3281 1088 3333 veri
1106 3277 1252 3331 cancellos.
1289 3281 1377 3332 vicina

282 3349 332 3401 sibi
352 3355 490 3414 aegrotum
511 3356 537 3399 at
558 3350 673 3401 ualidum
694 3359 720 3402 et
740 3366 898 3418 prosperum
914 3367 1019 3418 semper
1036 3359 1140 3418 spectat
1158 3351 1191 3402 ad
1210 3365 1315 3403 vanum.
1352 3360 1378 3402 et

282 3421 305 3472 si
333 3420 392 3487 quia
421 3419 554 3471 desertum
584 3423 659 3487 quasi
684 3424 786 3473 socium
808 3423 859 3474 sibi
887 3424 1025 3487 sumserit,
1047 3424 1103 3474 eiua
1120 3423 1177 3473 vita
1195 3438 1211 3473 a
1228 3420 1335 3490 legibus
1352 3430 1377 3473 et

284 3506 335 3559 qua
354 3491 474 3543 instituta
495 3499 535 3544 est
551 3493 659 3544 vivendi
678 3495 783 3545 ratione
796 3494 940 3560 discrepat.
977 3493 1194 3561 quemadmodum
1213 3492 1283 3544 eninr
1299 3493 1376 3543 iusti.

282 3563 319 3615 tia
341 3563 569 3615 consociationem
588 3563 668 3627 iacit,
684 3564 721 3615 ita
746 3564 888 3616 disiunctio
910 3565 943 3616 alr
962 3564 1063 3615 iustitia
1083 3572 1109 3615 et
1128 3565 1156 3615 in
1175 3564 1282 3614 deserto
1302 3563 1376 3615 lrabi.

283 3634 349 3685 tatio
368 3632 507 3686 bestialem
530 3642 557 3687 et
574 3636 681 3686 omnino
695 3635 834 3686 immanem
848 3638 928 3688 uitam
946 3636 1041 3688 reddit.
1077 3634 1169 3686 urbem
1189 3635 1258 3685 enim
1280 3651 1312 3687 ex
1330 3650 1376 3686 ae.

282 3704 379 3755 diflciis
399 3706 570 3772 compositam
592 3705 717 3773 publicae
735 3705 829 3758 salutis
849 3708 1046 3759 fundamentum
1067 3722 1126 3757 esso
1147 3713 1173 3757 et
1190 3706 1317 3756 iustarum
1336 3706 1377 3756 le.

283 3790 344 3843 guar
364 3774 516 3827 obstrictam
537 3776 665 3829 cancellis
689 3793 803 3829 necesse
823 3786 872 3830 est.
924 3779 967 3829 cui
991 3779 1074 3845 igitur
1102 3777 1136 3829 olr
1153 3777 1286 3827 inscitiam
1306 3792 1377 3829 eom.

282 3844 352 3898 modi
370 3846 478 3897 minime
497 3850 625 3900 convenit
642 3848 834 3899 administratio
856 3849 993 3913 familiae,
1025 3856 1149 3915 tanquam
1168 3862 1281 3914 magnae
1299 3850 1376 3916 partis

282 3916 415 3979 ciuitatis,
430 3917 552 3969 multum
573 3919 658 3970 deerit
682 3928 713 3970 ut
739 3921 789 3971 toti
816 3919 875 3970 urbi
903 3921 1012 3988 praesit.
1056 3919 1272 3987 quemadmodum
1300 3920 1378 3987 igitur

281 3988 372 4050 homo,
392 3987 434 4037 cui
454 3988 495 4039 ius
517 3996 544 4039 et
561 3988 638 4057 leges
660 3990 768 4042 innatae
788 3998 858 4054 suut,
877 3993 991 4058 optimus
1011 4006 1071 4041 ease
1096 3998 1124 4042 et
1142 3990 1316 4056 optimatem
1335 4006 1376 4040 ra„

196 4118 199 4121 ,
282 4074 348 4127 gare
366 4058 461 4125 possit,
480 4061 525 4123 ita,
546 4061 589 4110 cui
604 4075 656 4111 non
673 4062 773 4127 insunt,
793 4063 935 4127 pessimum
951 4063 1009 4113 lieri
1029 4070 1056 4113 et
1074 4062 1189 4128 pessime
1214 4074 1271 4111 rem
1296 4061 1377 4112 admi.

281 4128 395 4181 nistrare
426 4145 485 4185 enm
511 4146 545 4185 ex
576 4133 708 4185 contrario
733 4133 863 4203 seqnitur.
906 4133 984 4186 homo
1005 4134 1075 4185 onim
1101 4138 1229 4185 anatona
1246 4131 1378 4199 praeditus
