3017 4759
197 157 421 301 ursnoumn
441 223 704 294 emortuas
721 226 837 337 retur.¹
871 207 1058 320 stt-to,
1118 211 1189 312 atr

93 414 159 470 τοτ’
178 397 234 458 καί
254 397 374 459 ταάτοῦ
404 392 460 458 κατ’
483 384 595 475 ἑτέρον
624 391 679 453 καὶ
700 382 937 452 τῶντοιούτων
959 389 1119 472 μέμνησαι
1139 387 1196 448 καλ

93 495 194 570 αάτός
216 495 268 571 ὥς
291 498 442 579 ἀνωτέρω
461 490 569 579 βραχὺ
595 491 673 556 κατά
697 488 808 574 χάραν
829 479 950 578 ἓκάστιρ
973 486 1225 574 asperrimorum.
1240 478 1331 574 iliu,

93 597 240 680 τεχνικήν
258 599 489 662 αποόὲδεικται.
833 671 837 676 ι
933 674 935 682 Ι

191 698 277 764 Ἀλλ’
312 699 343 761 εἰ
362 699 490 780 βούλει,
511 692 687 780 συνήγορος
707 693 784 779 ἡμῖν
806 695 862 758 κατ’
886 691 903 756 ό
927 698 1014 769 θεῖος
1032 693 1262 781 eretricum
1367 698 1370 720 ¹

70 802 287 880 5Buoa'lesoc,
320 796 425 863 πάντα
454 803 553 882 λέγων
572 796 614 860 τά
634 798 798 880 θεοπρεπῆ
830 792 970 876 ὀνόματά
992 797 1103 862 τεκαὶ
1125 796 1228 886 vop-¹

10 956 11 967 ,
96 925 183 980 ματα
202 899 360 982 όμοτόμως
386 898 455 983 ἔχει
483 897 563 983 πρός
584 889 709 982 ἄλληλα
740 899 784 984 τῷ
813 899 914 982 μηδὲν
946 899 1034 982 παρά
1065 900 1124 984 τὴν
1145 905 1201 968 τοῦ

97 1000 310 1082 όποκεκμόνου
334 1004 507 1086 διαφωνεῖν
528 1003 702 1084 οημασόαν.
745 992 806 1064 όοα
827 997 887 1082 γάρ
912 992 960 1081 όν,
982 1005 1089 1086 φησίν,
1111 1001 1201 1091 εἴπῃς

98 1101 153 1165 aias*
180 1105 261 1166 θεοῦ
283 1099 445 1186 όνόματα,
476 1098 739 1188 καταφατικάτε
768 1097 889 1186 όηλαόὴ
921 1102 977 1166 καὶ
1003 1103 1199 1190 cleopatrae,

10 1264 11 1273 ,
98 1199 202 1267 elisee
224 1201 461 1287 ἀπαγορευτικά
483 1205 538 1266 κατ’
560 1200 725 1286 ἀρνητικά,
746 1197 769 1268 ά
792 1202 830 1285 δὴ
854 1202 1012 1286 προσόντα
1025 1227 1060 1268 τε
1082 1209 1138 1270 κατ’
1155 1203 1201 1290 μή

54 1316 90 1372 10
99 1301 256 1387 προσόντα
287 1308 412 1388 λέγεται
439 1302 518 1388 πρὸς
553 1309 616 1369 τῶν
636 1305 735 1388 ἁγίων
772 1306 872 1380 ἐνίοτε
904 1305 960 1368 κατ’
994 1308 1149 1390 ἀλλαχοῦ,
1169 1304 1202 1371 ἓν
1263 1333 1265 1338 ·

98 1406 153 1470 διά
174 1399 301 1470 πάντων
322 1406 390 1471 ε’στό
418 1403 455 1470 τό
487 1402 742 1491 σημαινόμενον,
765 1401 822 1471 εἴτ’
856 1405 980 1487 ἀγαθόν
1003 1406 1059 1470 καί
1079 1409 1203 1471 δίκαιον
1273 1482 1276 1492 ,

96 1509 153 1570 κατ’
175 1502 214 1570 τά
238 1503 324 1570 οότω
341 1504 491 1588 λεγόμενα
508 1504 723 1593 καταφατικά,
745 1506 801 1570 εἰτ’
817 1505 980 1571 ἀθάνατον
997 1509 1052 1571 κατ’
1067 1508 1204 1593 ἀφθαρ-

98 1631 151 1671 τον
173 1606 228 1671 καί
247 1604 287 1672 τά
320 1600 404 1672 οότω
432 1605 585 1690 λεγόμενα
616 1605 779 1690 ἀρνητικά.
833 1603 886 1669 διά
915 1605 976 1690 γάρ
1012 1602 1205 1694 ἐκει’νων,ά
1238 1669 1243 1676 ,

99 1716 265 1790 προσεῖναι
287 1711 443 1791 λέγονται,
464 1709 721 1794 καταφάσκομεν,
743 1706 798 1772 διά
816 1710 851 1773 δὲ
867 1707 986 1773 τούτων
1006 1708 1207 1792 ἀπαγορεύο-

54 1816 90 1872 15
100 1831 159 1889 μεν
179 1803 202 1872 ό
225 1809 270 1891 μὴ
291 1807 472 1893 πρόσεστιν,
494 1809 539 1886 ἀς
561 1807 659 1884 αάτός
680 1811 802 1888 ἐντοῖς
832 1812 908 1892 περὶ
927 1812 1008 1873 θεοῦ
1028 1813 1206 1899 λεγομένοις

101 1913 200 1995 φησίν
233 1911 367 1992 ἀνόμοιαι
390 1914 457 1975 κατ’
481 1913 642 1991 Εόνομόοα
665 1905 862 1994 φερόμενοςκ
896 1903 973 1974 ὅθεν
998 1909 1013 1973 ό
1040 1907 1207 1991 ἀνώνυμος
1233 1939 1239 1949 ’

101 2009 310 2093 πολυάνορος
323 2004 400 2096 ἡμῖν
414 2012 590 2095 ἀποροῦσιν
612 2008 839 2092 όνόματοςτοῦ
860 2012 979 2096 κυρίως
1003 2005 1208 2095 όρμόττοντος

101 2118 230 2200 γίνεται,
251 2118 413 2189 πλείσταις
435 2115 609 2204 ἀναφοραῖς
641 2107 803 2194 όνομάτων
823 2113 1028 2196 ἀνακαλύψω
1051 2115 1207 2194 βιαζομέ-

103 2237 171 2288 νοις.
188 2214 245 2298 τὴν
267 2218 341 2299 περὶ
368 2217 426 2278 τοῦ
446 2219 538 2278 θείου
561 2208 639 2296 ἡμῖν
667 2217 867 2298 ἐγγενομένην
896 2212 1062 2279 ἀπόνοιαν.
1107 2204 1275 2304 leopaeo

55 2312 164 2397 ooyip
185 2314 399 2402 σημαντικόν,
429 2315 445 2380 ό
470 2319 649 2382 Ννσσαέων
675 2315 794 2400 φάσκει
815 2317 846 2380 Γ
845 2315 1013 2401 ρηγόριος,
1042 2318 1095 2400 τῆς
1118 2317 1210 2394 θειάς

94 2412 232 2500 ,φάσεως
267 2418 325 2482 οάκ
343 2417 526 2499 ἐμάθομεν·
581 2414 720 2500 δήλωσιν
750 2419 787 2483 δὲ
816 2420 1029 2502 προσηγορίας
1060 2411 1211 2503 τοιαότης

105 2517 147 2583 δι’
169 2507 207 2599 ἧς
228 2513 544 2604 όμπεριλαμβάνηται
571 2519 591 2600 ἦ
622 2509 792 2603 άφραστός
812 2539 846 2584 τι
875 2519 930 2583 κατ’
950 2517 1088 2604 ἀόρατος
1113 2515 1212 2604 φάσις

104 2610 128 2702 ἢ
148 2618 208 2683 aris
227 2610 310 2700 sisae
330 2619 473 2686 καθόλου
494 2623 621 2708 φαμέν,
641 2615 665 2704 ἢ
686 2617 812 2698 πάντας
838 2615 915 2706 ἡμῖν
937 2610 1098 2704 ἄγνωστον
1118 2615 1211 2686 εἶναι.
1296 2659 1302 2674 1

110 2940 173 2984 cere
193 2930 310 2984 divinam
334 2929 409 2982 illam
428 2930 576 2983 orationem
595 2943 656 2983 esse
672 2931 824 3001 putandam.
860 2945 921 2996 uam
940 2931 972 2982 (le
993 2943 1035 2994 eo,
1056 2929 1126 3000 quod
1147 2905 1213 2998 posss

109 3003 212 3055 ridetur
238 3010 280 3067 et,
314 3003 385 3069 quod
411 3002 546 3068 possidet,
574 3002 607 3053 ‹le
631 3003 725 3056 eodem
751 3010 779 3054 et
807 3000 909 3066 altero,
940 3001 973 3054 de
998 2999 1128 3052 similibus
1154 3003 1214 3068 ipse
1290 3059 1297 3072 Ι

110 3074 273 3197 ἱεριτιῗηζηοί,
299 3088 368 3142 qnae
397 3088 478 3141 supra
505 3074 625 3126 breviter
649 3076 682 3127 ael
711 3074 788 3126 locos
811 3073 956 3142 unicuique
985 3071 1098 3125 idoneos
1121 3073 1215 3140 dispu.

183 3232 238 3284 lam
256 3246 333 3297 aero,
351 3233 374 3285 si
391 3231 490 3299 placet,
513 3247 626 3286 concors
637 3232 686 3285 ille
697 3233 846 3298 advocetur
858 3231 890 3285 D.
903 3229 1030 3298 Basilius,
1050 3230 1216 3302 uninomina

115 3312 142 3356 et
159 3305 284 3356 notiones
298 3305 349 3355 eleo
369 3304 464 3374 dignes
485 3305 555 3356 idem
566 3302 660 3356 valere
678 3306 749 3356 inter
762 3321 791 3356 se
811 3319 902 3357 omnes
918 3304 993 3368 dicit,
1014 3304 1085 3372 quod
1104 3303 1136 3356 ab
1149 3303 1216 3357 sub.

113 3377 180 3427 lecti
197 3376 393 3444 significatione
411 3392 466 3428 uon
484 3377 632 3444 dicrepent.
670 3391 846 3445 quaecunque
867 3375 1084 3445 enlm,tiuquit‚
1111 3377 1143 3427 de
1164 3375 1215 3428 deo

115 3447 215 3500 dixeris
229 3448 337 3499 uomina
354 3448 533 3500 adiudicautia
553 3456 580 3499 et
596 3446 789 3514 adiudicantia,
808 3447 925 3515 positiva
945 3455 971 3498 et
988 3447 1126 3515 negativa,
1142 3462 1216 3516 puae

115 3526 177 3585 apta
203 3526 230 3569 et
249 3533 303 3569 nou
333 3527 395 3586 apta
417 3520 548 3572 interdum
580 3520 713 3572 assuetis
742 3520 881 3583 dicuntur,
899 3534 980 3570 uuum
1003 3526 1044 3570 est
1059 3533 1109 3584 per
1128 3517 1217 3570 omnia

115 3590 303 3657 significatum,
321 3592 381 3642 sive
401 3591 508 3656 bonum,
526 3593 585 3644 sive
601 3592 708 3656 iustum,
731 3607 798 3660 quae
817 3591 1005 3651 adiudioautia‚
1024 3589 1085 3640 sive
1104 3589 1216 3640 immor.

118 3661 174 3714 lale
193 3661 253 3712 sive
272 3662 487 3728 incorruptibile,
507 3679 576 3732 quae
594 3663 775 3714 abiudicantia
794 3663 927 3715 dicuutur.
969 3658 1025 3711 illis
1045 3659 1125 3724 euim,
1146 3674 1215 3728 quae

116 3732 303 3797 attribuuntur,
323 3735 503 3800 exprimimus,
524 3735 564 3786 his
584 3751 652 3802 quae
670 3750 725 3786 uon
744 3735 923 3786 attribuuntur
942 3729 1132 3784 abiudicamus.
1161 3731 1215 3782 ita.

116 3820 179 3873 que,
197 3813 227 3855 ut
247 3805 391 3856 Eunomiue
408 3805 482 3868 elicit,
501 3808 528 3856 in
546 3805 697 3858 nominibus
717 3806 749 3857 tle
772 3805 821 3857 deo
841 3805 919 3856 dictis
938 3803 997 3869 ipse
1016 3802 1109 3856 lentur.
1143 3818 1215 3872 que.
1276 3807 1281 3816 ¹

116 3879 189 3928 circa
207 3877 385 3928 innominatus
411 3875 462 3927 ille
480 3875 570 3926 multis
597 3877 708 3929 anobis
724 3875 874 3928 nominibus
892 3881 1022 3939 vocatur,
1052 3875 1153 3943 quippe
1170 3872 1216 3942 qui

115 3950 225 4000 nomine
243 3947 353 4014 proprie
374 3947 518 4013 quadrante
537 3946 702 4014 indigeamus
720 3957 761 4012 et,
781 3956 809 3999 ut
825 3945 947 4014 plurimis
965 3945 1102 3998 nominum
1123 3945 1217 3996 varie.

115 4019 215 4071 tatibus
232 4019 370 4070 notionem
389 4018 433 4068 dei
454 4017 531 4068 nobis
549 4018 654 4069 insitam
672 4020 830 4086 aperiamus,
851 4031 988 4086 cogamur.
1027 4031 1126 4070 nomeu
1145 4015 1217 4066 euim

116 4091 224 4143 diuinae
250 4097 362 4142 naturae
387 4103 554 4157 congruens,
574 4087 718 4158 Gregorius
738 4089 874 4157 Nyssaeus
896 4090 953 4154 ait,
982 4102 1037 4140 non
1056 4085 1222 4158 audivimus-y

117 4162 326 4231 explicationem
339 4160 418 4215 huius
436 4159 637 4229 appellationis,
656 4175 708 4229 qua
731 4159 967 4228 comprehenditur
986 4155 1169 4229 intelligibilis
1189 4163 1217 4211 et

113 4243 123 4266 0
