<?xml version="1.0" encoding="UTF-8"?>
<!DOCTYPE html PUBLIC "-//W3C//DTD XHTML 1.0 Transitional//EN"
    "http://www.w3.org/TR/xhtml1/DTD/xhtml1-transitional.dtd">
<html xmlns="http://www.w3.org/1999/xhtml" xml:lang="en" lang="en">
 <head>
  <title>
</title>
<meta http-equiv="Content-Type" content="text/html;charset=utf-8" />
  <meta name='ocr-system' content='tesseract 3.04.00' />
  <meta name='ocr-capabilities' content='ocr_page ocr_carea ocr_par ocr_line ocrx_word'/>
</head>
<body>
  <div class='ocr_page' id='page_1' title='image "./corpusscriptoru13theogoog/corpusscriptoru13theogoog_0225.png"; bbox 0 0 3017 4759; ppageno 0'>
   <div class='ocr_carea' id='block_1_1' title="bbox 198 190 1201 278">
    <p class='ocr_par' dir='ltr' id='par_1_1' title="bbox 198 190 1201 278">
     <span class='ocr_line' id='line_1_1' title="bbox 198 190 1201 278; baseline 0.005 -7"><span class='ocrx_word' id='word_1_1' title='bbox 198 202 420 273; x_wconf 69' lang='lat' dir='ltr'><strong>aaronita</strong></span> <span class='ocrx_word' id='word_1_2' title='bbox 446 190 1066 278; x_wconf 54' lang='lat' dir='ltr'><strong>summouentium-57.</strong></span> <span class='ocrx_word' id='word_1_3' title='bbox 1127 200 1201 276; x_wconf 70' lang='lat'><strong><em>213</em></strong></span> 
     </span>
    </p>
   </div>
   <div class='ocr_carea' id='block_1_2' title="bbox 1 364 1350 2783">
    <p class='ocr_par' dir='ltr' id='par_1_2' title="bbox 1 364 1350 2783">
     <span class='ocr_line' id='line_1_2' title="bbox 100 364 1200 457; baseline 0.001 -20"><span class='ocrx_word' id='word_1_4' title='bbox 100 372 154 437; x_wconf 85' lang='grc' dir='ltr'><strong><em>αἰί</em></strong></span> <span class='ocrx_word' id='word_1_5' title='bbox 174 364 309 455; x_wconf 75' lang='grc' dir='ltr'><strong><em>θερίζει,</em></strong></span> <span class='ocrx_word' id='word_1_6' title='bbox 331 373 374 435; x_wconf 88' lang='grc' dir='ltr'><strong><em>δι’</em></strong></span> <span class='ocrx_word' id='word_1_7' title='bbox 400 370 555 454; x_wconf 76' lang='grc' dir='ltr'><strong><em>α’βουλίαυ</em></strong></span> <span class='ocrx_word' id='word_1_8' title='bbox 571 368 696 437; x_wconf 82' lang='grc' dir='ltr'><strong><em>αἐίτού</em></strong></span> <span class='ocrx_word' id='word_1_9' title='bbox 712 370 871 451; x_wconf 80' lang='grc' dir='ltr'><strong><em>βελτίονος</em></strong></span> <span class='ocrx_word' id='word_1_10' title='bbox 892 370 1200 457; x_wconf 84' lang='grc' dir='ltr'><strong><em>αἰιορραπιζόμενος·</em></strong></span> 
     </span>
     <span class='ocr_line' id='line_1_3' title="bbox 100 467 1204 558; baseline 0.005 -25"><span class='ocrx_word' id='word_1_11' title='bbox 100 475 156 536; x_wconf 80' lang='grc' dir='ltr'><strong><em>καί</em></strong></span> <span class='ocrx_word' id='word_1_12' title='bbox 174 468 206 544; x_wconf 67' lang='grc' dir='ltr'><strong><em>δι’Ι</em></strong></span> <span class='ocrx_word' id='word_1_13' title='bbox 220 471 345 537; x_wconf 80' lang='grc' dir='ltr'><strong><em>διαίκειν</em></strong></span> <span class='ocrx_word' id='word_1_14' title='bbox 375 473 476 537; x_wconf 81' lang='grc' dir='ltr'><strong><em>εἵλετο</em></strong></span> <span class='ocrx_word' id='word_1_15' title='bbox 499 472 633 555; x_wconf 97' lang='grc' dir='ltr'><strong><em>νομίσας</em></strong></span> <span class='ocrx_word' id='word_1_16' title='bbox 654 467 734 539; x_wconf 85' lang='grc' dir='ltr'><strong><em>εἶναι</em></strong></span> <span class='ocrx_word' id='word_1_17' title='bbox 754 472 904 558; x_wconf 84' lang='grc' dir='ltr'><strong><em>χρηστοί,</em></strong></span> <span class='ocrx_word' id='word_1_18' title='bbox 934 471 1062 539; x_wconf 79' lang='grc' dir='ltr'><strong><em>πάντων</em></strong></span> <span class='ocrx_word' id='word_1_19' title='bbox 1086 478 1204 541; x_wconf 59' lang='grc' dir='ltr'><strong><em>ε’κπύπό</em></strong></span> 
     </span>
     <span class='ocr_line' id='line_1_4' title="bbox 101 566 1207 661; baseline 0.001 -23"><span class='ocrx_word' id='word_1_20' title='bbox 101 584 201 638; x_wconf 83' lang='grc' dir='ltr'><strong><em>τουκεν</em></strong></span> <span class='ocrx_word' id='word_1_21' title='bbox 236 568 357 661; x_wconf 73' lang='grc' dir='ltr'><strong><em>ἄρδην,</em></strong></span> <span class='ocrx_word' id='word_1_22' title='bbox 398 573 458 659; x_wconf 72' lang='grc' dir='ltr'><strong><em>ὑφ’</em></strong></span> <span class='ocrx_word' id='word_1_23' title='bbox 489 566 527 657; x_wconf 80' lang='grc' dir='ltr'><strong><em>ἧς</em></strong></span> <span class='ocrx_word' id='word_1_24' title='bbox 563 572 712 660; x_wconf 77' lang='grc' dir='ltr'><strong><em>δλύτρευε</em></strong></span> <span class='ocrx_word' id='word_1_25' title='bbox 748 573 938 656; x_wconf 77' lang='grc' dir='ltr'><strong><em>διωκόμενος</em></strong></span> <span class='ocrx_word' id='word_1_26' title='bbox 976 574 1085 659; x_wconf 93' lang='grc' dir='ltr'><strong><em>τύχης.</em></strong></span> <span class='ocrx_word' id='word_1_27' title='bbox 1150 574 1207 639; x_wconf 78' lang='grc' dir='ltr'><strong><em>καί</em></strong></span> 
     </span>
     <span class='ocr_line' id='line_1_5' title="bbox 1 668 1205 763; baseline 0.004 -28"><span class='ocrx_word' id='word_1_28' title='bbox 1 688 5 692; x_wconf 78' lang='grc'>’</span> <span class='ocrx_word' id='word_1_29' title='bbox 99 668 177 737; x_wconf 66' lang='lat' dir='ltr'><strong><em>tear</em></strong></span> <span class='ocrx_word' id='word_1_30' title='bbox 197 673 479 756; x_wconf 84' lang='grc' dir='ltr'><strong><em>εύδαιμονέστατος</em></strong></span> <span class='ocrx_word' id='word_1_31' title='bbox 501 673 626 741; x_wconf 80' lang='grc' dir='ltr'><strong><em>πάντων</em></strong></span> <span class='ocrx_word' id='word_1_32' title='bbox 648 676 738 763; x_wconf 74' lang='grc' dir='ltr'><strong><em>ᾠήθη</em></strong></span> <span class='ocrx_word' id='word_1_33' title='bbox 759 673 904 759; x_wconf 80' lang='grc' dir='ltr'><strong><em>γίνεσθαι</em></strong></span> <span class='ocrx_word' id='word_1_34' title='bbox 925 679 1100 762; x_wconf 77' lang='grc' dir='ltr'><strong><em>βασιλέοιν,</em></strong></span> <span class='ocrx_word' id='word_1_35' title='bbox 1122 676 1205 741; x_wconf 83' lang='grc' dir='ltr'><strong><em>ε’κεῖ-</em></strong></span> 
     </span>
     <span class='ocr_line' id='line_1_6' title="bbox 74 768 1203 863; baseline 0.003 -25"><span class='ocrx_word' id='word_1_36' title='bbox 74 777 156 849; x_wconf 80' lang='grc' dir='ltr'><strong><em>5θεν</em></strong></span> <span class='ocrx_word' id='word_1_37' title='bbox 182 768 202 856; x_wconf 84' lang='grc' dir='ltr'><strong><em>ή</em></strong></span> <span class='ocrx_word' id='word_1_38' title='bbox 235 776 408 850; x_wconf 81' lang='grc' dir='ltr'><strong><em>οίντίπαλος</em></strong></span> <span class='ocrx_word' id='word_1_39' title='bbox 443 778 616 860; x_wconf 84' lang='grc' dir='ltr'><strong><em>παραδύοα</em></strong></span> <span class='ocrx_word' id='word_1_40' title='bbox 650 773 737 863; x_wconf 79' lang='grc' dir='ltr'><strong><em>ῥύμη</em></strong></span> <span class='ocrx_word' id='word_1_41' title='bbox 767 779 823 861; x_wconf 87' lang='grc' dir='ltr'><strong><em>τής</em></strong></span> <span class='ocrx_word' id='word_1_42' title='bbox 852 775 951 861; x_wconf 88' lang='grc' dir='ltr'><strong><em>τύχης</em></strong></span> <span class='ocrx_word' id='word_1_43' title='bbox 985 778 1088 841; x_wconf 83' lang='grc' dir='ltr'><strong><em>αύτού</em></strong></span> <span class='ocrx_word' id='word_1_44' title='bbox 1118 800 1203 860; x_wconf 78' lang='grc' dir='ltr'><strong><em>χυμ-</em></strong></span> 
     </span>
     <span class='ocr_line' id='line_1_7' title="bbox 101 870 1202 967; baseline 0.005 -28"><span class='ocrx_word' id='word_1_45' title='bbox 101 873 157 940; x_wconf 87' lang='grc' dir='ltr'><strong><em>νδν</em></strong></span> <span class='ocrx_word' id='word_1_46' title='bbox 179 874 278 939; x_wconf 79' lang='grc' dir='ltr'><strong><em>παντί</em></strong></span> <span class='ocrx_word' id='word_1_47' title='bbox 309 878 354 965; x_wconf 77' lang='grc' dir='ltr'><strong><em>τῷ</em></strong></span> <span class='ocrx_word' id='word_1_48' title='bbox 384 878 441 941; x_wconf 86' lang='grc' dir='ltr'><strong><em>τού</em></strong></span> <span class='ocrx_word' id='word_1_49' title='bbox 468 878 541 956; x_wconf 77' lang='grc' dir='ltr'><strong><em>βίου</em></strong></span> <span class='ocrx_word' id='word_1_50' title='bbox 568 877 695 967; x_wconf 75' lang='grc' dir='ltr'><strong><em>θεάτρῳ</em></strong></span> <span class='ocrx_word' id='word_1_51' title='bbox 716 877 772 942; x_wconf 79' lang='grc' dir='ltr'><strong><em>κατ’</em></strong></span> <span class='ocrx_word' id='word_1_52' title='bbox 792 879 898 967; x_wconf 81' lang='grc' dir='ltr'><strong><em>κόσμῳ</em></strong></span> <span class='ocrx_word' id='word_1_53' title='bbox 928 870 1133 961; x_wconf 80' lang='grc' dir='ltr'><strong><em>προδείκνυσι</em></strong></span> <span class='ocrx_word' id='word_1_54' title='bbox 1153 876 1202 965; x_wconf 86' lang='grc' dir='ltr'><strong><em>μή</em></strong></span> 
     </span>
     <span class='ocr_line' id='line_1_8' title="bbox 98 968 1318 1063; baseline 0.004 -27"><span class='ocrx_word' id='word_1_55' title='bbox 98 974 199 1056; x_wconf 86' lang='grc' dir='ltr'><strong><em>μόνον</em></strong></span> <span class='ocrx_word' id='word_1_56' title='bbox 226 979 283 1041; x_wconf 83' lang='grc' dir='ltr'><strong><em>τού</em></strong></span> <span class='ocrx_word' id='word_1_57' title='bbox 313 974 413 1057; x_wconf 86' lang='grc' dir='ltr'><strong><em>μόνου</em></strong></span> <span class='ocrx_word' id='word_1_58' title='bbox 435 980 536 1058; x_wconf 73' lang='grc' dir='ltr'><strong><em>θεοῦ,</em></strong></span> <span class='ocrx_word' id='word_1_59' title='bbox 567 974 649 1043; x_wconf 69' lang='lat' dir='ltr'><strong>itta</strong></span> <span class='ocrx_word' id='word_1_60' title='bbox 680 981 737 1041; x_wconf 82' lang='grc' dir='ltr'><strong><em>καί</em></strong></span> <span class='ocrx_word' id='word_1_61' title='bbox 763 969 864 1063; x_wconf 85' lang='grc' dir='ltr'><strong><em>ήσιιερ</em></strong></span> <span class='ocrx_word' id='word_1_62' title='bbox 893 968 1076 1044; x_wconf 79' lang='grc' dir='ltr'><strong><em>’ἐσπούδακε</em></strong></span> <span class='ocrx_word' id='word_1_63' title='bbox 1107 978 1201 1063; x_wconf 87' lang='grc' dir='ltr'><strong><em>δύξης</em></strong></span> <span class='ocrx_word' id='word_1_64' title='bbox 1314 1018 1318 1025; x_wconf 92' lang='grc'><strong>-</strong></span> 
     </span>
     <span class='ocr_line' id='line_1_9' title="bbox 99 1076 1266 1165; baseline 0.002 -24"><span class='ocrx_word' id='word_1_65' title='bbox 99 1080 296 1162; x_wconf 72' lang='grc' dir='ltr'><strong><em>προσκαίρου</em></strong></span> <span class='ocrx_word' id='word_1_66' title='bbox 317 1087 434 1161; x_wconf 80' lang='grc' dir='ltr'><strong><em>τυχεῖν.</em></strong></span> <span class='ocrx_word' id='word_1_67' title='bbox 476 1082 524 1144; x_wconf 77' lang='grc' dir='ltr'><strong><em>ἔνι’</em></strong></span> <span class='ocrx_word' id='word_1_68' title='bbox 548 1082 700 1160; x_wconf 81' lang='grc' dir='ltr'><strong><em>ου’δεμιοῖς</em></strong></span> <span class='ocrx_word' id='word_1_69' title='bbox 730 1077 794 1164; x_wconf 82' lang='grc' dir='ltr'><strong><em>χύρ</em></strong></span> <span class='ocrx_word' id='word_1_70' title='bbox 815 1084 954 1162; x_wconf 77' lang='grc' dir='ltr'><strong><em>βεβαίοις</em></strong></span> <span class='ocrx_word' id='word_1_71' title='bbox 976 1076 1100 1164; x_wconf 76' lang='grc' dir='ltr'><strong><em>ἑστήξει</em></strong></span> <span class='ocrx_word' id='word_1_72' title='bbox 1121 1101 1266 1165; x_wconf 67' lang='lat' dir='ltr'><strong>aeq-50</strong></span> 
     </span>
     <span class='ocr_line' id='line_1_10' title="bbox 100 1174 1201 1268; baseline 0.002 -25"><span class='ocrx_word' id='word_1_73' title='bbox 100 1183 193 1256; x_wconf 87' lang='grc' dir='ltr'><strong><em>πῖδος</em></strong></span> <span class='ocrx_word' id='word_1_74' title='bbox 213 1182 327 1265; x_wconf 82' lang='grc' dir='ltr'><strong><em>κλῆρος</em></strong></span> <span class='ocrx_word' id='word_1_75' title='bbox 348 1182 440 1266; x_wconf 87' lang='grc' dir='ltr'><strong><em>δύξης</em></strong></span> <span class='ocrx_word' id='word_1_76' title='bbox 472 1181 580 1256; x_wconf 82' lang='grc' dir='ltr'><strong><em>ου’δείς</em></strong></span> <span class='ocrx_word' id='word_1_77' title='bbox 611 1174 647 1257; x_wconf 81' lang='grc' dir='ltr'><strong><em>ὅς</em></strong></span> <span class='ocrx_word' id='word_1_78' title='bbox 668 1204 702 1246; x_wconf 85' lang='grc' dir='ltr'><strong><em>τε</em></strong></span> <span class='ocrx_word' id='word_1_79' title='bbox 725 1185 805 1246; x_wconf 80' lang='grc' dir='ltr'><strong><em>θεοῦ</em></strong></span> <span class='ocrx_word' id='word_1_80' title='bbox 834 1181 1066 1268; x_wconf 82' lang='grc' dir='ltr'><strong><em>α’ποπεφοίτηκε</em></strong></span> <span class='ocrx_word' id='word_1_81' title='bbox 1088 1186 1143 1247; x_wconf 80' lang='grc' dir='ltr'><strong><em>καί</em></strong></span> <span class='ocrx_word' id='word_1_82' title='bbox 1164 1176 1201 1245; x_wconf 85' lang='grc' dir='ltr'><strong><em>δν</em></strong></span> 
     </span>
     <span class='ocr_line' id='line_1_11' title="bbox 57 1277 1201 1369; baseline 0.002 -24"><span class='ocrx_word' id='word_1_83' title='bbox 57 1300 91 1355; x_wconf 84' lang='lat'><strong><em>10</em></strong></span> <span class='ocrx_word' id='word_1_84' title='bbox 100 1280 136 1345; x_wconf 86' lang='grc' dir='ltr'><strong><em>τὸ</em></strong></span> <span class='ocrx_word' id='word_1_85' title='bbox 155 1284 210 1365; x_wconf 91' lang='grc' dir='ltr'><strong><em>τής</em></strong></span> <span class='ocrx_word' id='word_1_86' title='bbox 230 1280 330 1366; x_wconf 83' lang='grc' dir='ltr'><strong><em>τύχης</em></strong></span> <span class='ocrx_word' id='word_1_87' title='bbox 359 1278 550 1368; x_wconf 75' lang='grc' dir='ltr'><strong><em>ἐχορήγησεν</em></strong></span> <span class='ocrx_word' id='word_1_88' title='bbox 579 1277 726 1349; x_wconf 70' lang='grc' dir='ltr'><strong><em>ἄστατον.</em></strong></span> <span class='ocrx_word' id='word_1_89' title='bbox 772 1286 860 1348; x_wconf 83' lang='grc' dir='ltr'><strong><em>δυοῖν</em></strong></span> <span class='ocrx_word' id='word_1_90' title='bbox 888 1281 951 1367; x_wconf 75' lang='grc' dir='ltr'><strong><em>χύρ</em></strong></span> <span class='ocrx_word' id='word_1_91' title='bbox 979 1277 1141 1363; x_wconf 74' lang='grc' dir='ltr'><strong><em>ἑπομένων</em></strong></span> <span class='ocrx_word' id='word_1_92' title='bbox 1163 1284 1201 1369; x_wconf 76' lang='grc' dir='ltr'><strong><em>τῇ</em></strong></span> 
     </span>
     <span class='ocr_line' id='line_1_12' title="bbox 98 1376 1201 1475; baseline -0.005 -26"><span class='ocrx_word' id='word_1_93' title='bbox 98 1387 154 1466; x_wconf 88' lang='grc' dir='ltr'><strong><em>τής</em></strong></span> <span class='ocrx_word' id='word_1_94' title='bbox 183 1386 379 1467; x_wconf 74' lang='grc' dir='ltr'><strong><em>προσκαίρου</em></strong></span> <span class='ocrx_word' id='word_1_95' title='bbox 405 1384 507 1469; x_wconf 86' lang='grc' dir='ltr'><strong><em>τύχης</em></strong></span> <span class='ocrx_word' id='word_1_96' title='bbox 541 1384 693 1475; x_wconf 83' lang='grc' dir='ltr'><strong><em>εύκληρίηι</em></strong></span> <span class='ocrx_word' id='word_1_97' title='bbox 716 1380 883 1469; x_wconf 49' lang='lat' dir='ltr'><strong>anamma*</strong></span> <span class='ocrx_word' id='word_1_98' title='bbox 913 1386 968 1448; x_wconf 80' lang='grc' dir='ltr'><strong><em>κατ’</em></strong></span> <span class='ocrx_word' id='word_1_99' title='bbox 989 1376 1090 1469; x_wconf 75' lang='grc' dir='ltr'><strong><em>ἄμφω</em></strong></span> <span class='ocrx_word' id='word_1_100' title='bbox 1107 1406 1201 1467; x_wconf 89' lang='grc' dir='ltr'><strong><em>περι-</em></strong></span> 
     </span>
     <span class='ocr_line' id='line_1_13' title="bbox 98 1476 1202 1569; baseline -0.004 -20"><span class='ocrx_word' id='word_1_101' title='bbox 98 1490 203 1567; x_wconf 84' lang='grc' dir='ltr'><strong><em>χεῖται</em></strong></span> <span class='ocrx_word' id='word_1_102' title='bbox 226 1492 293 1560; x_wconf 79' lang='grc' dir='ltr'><strong><em>τοῖς</em></strong></span> <span class='ocrx_word' id='word_1_103' title='bbox 312 1484 439 1559; x_wconf 84' lang='grc' dir='ltr'><strong><em>υἰθλιόις</em></strong></span> <span class='ocrx_word' id='word_1_104' title='bbox 469 1483 604 1561; x_wconf 76' lang='grc' dir='ltr'><strong><em>ἐναλλὰξ</em></strong></span> <span class='ocrx_word' id='word_1_105' title='bbox 634 1483 745 1551; x_wconf 82' lang='grc' dir='ltr'><strong><em>ὁπόσοι</em></strong></span> <span class='ocrx_word' id='word_1_106' title='bbox 767 1484 885 1569; x_wconf 86' lang='grc' dir='ltr'><strong><em>ταύτην</em></strong></span> <span class='ocrx_word' id='word_1_107' title='bbox 914 1476 1202 1569; x_wconf 83' lang='grc' dir='ltr'><strong><em>οἷμφιένυυνται,ή</em></strong></span> 
     </span>
     <span class='ocr_line' id='line_1_14' title="bbox 103 1577 1330 1672; baseline -0.002 -23"><span class='ocrx_word' id='word_1_108' title='bbox 103 1583 363 1671; x_wconf 66' lang='grc' dir='ltr'><strong><em>δυοῖνθύτερον.</em></strong></span> <span class='ocrx_word' id='word_1_109' title='bbox 408 1577 430 1670; x_wconf 84' lang='grc' dir='ltr'><strong><em>ή</em></strong></span> <span class='ocrx_word' id='word_1_110' title='bbox 449 1584 511 1672; x_wconf 79' lang='grc' dir='ltr'><strong><em>χεὶρ</em></strong></span> <span class='ocrx_word' id='word_1_111' title='bbox 537 1581 602 1650; x_wconf 82' lang='grc' dir='ltr'><strong><em>οἶδε</em></strong></span> <span class='ocrx_word' id='word_1_112' title='bbox 625 1583 662 1649; x_wconf 90' lang='grc' dir='ltr'><strong><em>τύ</em></strong></span> <span class='ocrx_word' id='word_1_113' title='bbox 684 1586 741 1670; x_wconf 84' lang='grc' dir='ltr'><strong><em>’τής</em></strong></span> <span class='ocrx_word' id='word_1_114' title='bbox 764 1582 863 1671; x_wconf 88' lang='grc' dir='ltr'><strong><em>τύχης</em></strong></span> <span class='ocrx_word' id='word_1_115' title='bbox 886 1578 1039 1669; x_wconf 78' lang='grc' dir='ltr'><strong><em>ἄστατον,</em></strong></span> <span class='ocrx_word' id='word_1_116' title='bbox 1070 1585 1125 1649; x_wconf 86' lang='grc' dir='ltr'><strong><em>καί</em></strong></span> <span class='ocrx_word' id='word_1_117' title='bbox 1145 1586 1200 1647; x_wconf 91' lang='grc' dir='ltr'><strong><em>δε-</em></strong></span> <span class='ocrx_word' id='word_1_118' title='bbox 1289 1652 1297 1664; x_wconf 68' lang='lat'><strong><em>.,</em></strong></span> <span class='ocrx_word' id='word_1_119' title='bbox 1327 1652 1330 1660; x_wconf 62' lang='grc'><strong><em>,</em></strong></span> 
     </span>
     <span class='ocr_line' id='line_1_15' title="bbox 105 1681 1333 1783; baseline -0.001 -33"><span class='ocrx_word' id='word_1_120' title='bbox 105 1688 210 1783; x_wconf 65' lang='grc' dir='ltr'><strong><em>διύναι</em></strong></span> <span class='ocrx_word' id='word_1_121' title='bbox 232 1683 287 1771; x_wconf 91' lang='grc' dir='ltr'><strong><em>τήν</em></strong></span> <span class='ocrx_word' id='word_1_122' title='bbox 309 1689 473 1773; x_wconf 81' lang='grc' dir='ltr'><strong><em>αἰφνίδιον</em></strong></span> <span class='ocrx_word' id='word_1_123' title='bbox 497 1684 616 1770; x_wconf 82' lang='grc' dir='ltr'><strong><em>α’νύχκη</em></strong></span> <span class='ocrx_word' id='word_1_124' title='bbox 638 1681 819 1770; x_wconf 82' lang='grc' dir='ltr'><strong><em>μεταβολήν</em></strong></span> <span class='ocrx_word' id='word_1_125' title='bbox 843 1686 906 1767; x_wconf 81' lang='grc' dir='ltr'><strong><em>αἐί,</em></strong></span> <span class='ocrx_word' id='word_1_126' title='bbox 935 1687 991 1750; x_wconf 82' lang='grc' dir='ltr'><strong><em>καί</em></strong></span> <span class='ocrx_word' id='word_1_127' title='bbox 1007 1688 1050 1774; x_wconf 76' lang='grc' dir='ltr'><strong><em>τῷ</em></strong></span> <span class='ocrx_word' id='word_1_128' title='bbox 1073 1694 1204 1768; x_wconf 75' lang='grc' dir='ltr'><strong><em>συνεχεῖ</em></strong></span> <span class='ocrx_word' id='word_1_129' title='bbox 1316 1688 1333 1705; x_wconf 87' lang='grc'><strong><em>”“</em></strong></span> 
     </span>
     <span class='ocr_line' id='line_1_16' title="bbox 56 1784 1201 1876; baseline 0 -26"><span class='ocrx_word' id='word_1_130' title='bbox 56 1791 160 1853; x_wconf 74' lang='lat' dir='ltr'><strong>tornai</strong></span> <span class='ocrx_word' id='word_1_131' title='bbox 182 1790 273 1863; x_wconf 78' lang='grc' dir='ltr'><strong><em>δέους</em></strong></span> <span class='ocrx_word' id='word_1_132' title='bbox 294 1789 497 1869; x_wconf 85' lang='grc' dir='ltr'><strong><em>εύδαιμοντῖν</em></strong></span> <span class='ocrx_word' id='word_1_133' title='bbox 520 1790 675 1876; x_wconf 60' lang='lat' dir='ltr'><strong>&amp;nonime</strong></span> <span class='ocrx_word' id='word_1_134' title='bbox 707 1788 842 1875; x_wconf 83' lang='grc' dir='ltr'><strong><em>μηδαμῇ</em></strong></span> <span class='ocrx_word' id='word_1_135' title='bbox 869 1791 1122 1871; x_wconf 75' lang='grc' dir='ltr'><strong><em>συγχωρεῖσθαι,</em></strong></span> <span class='ocrx_word' id='word_1_136' title='bbox 1147 1784 1201 1851; x_wconf 81' lang='grc' dir='ltr'><strong><em>καί</em></strong></span> 
     </span>
     <span class='ocr_line' id='line_1_17' title="bbox 99 1886 1201 1979; baseline -0.012 -26"><span class='ocrx_word' id='word_1_137' title='bbox 99 1887 264 1975; x_wconf 90' lang='grc' dir='ltr'><strong><em>παρούσης</em></strong></span> <span class='ocrx_word' id='word_1_138' title='bbox 282 1890 342 1970; x_wconf 81' lang='grc' dir='ltr'><strong><em>μὲν</em></strong></span> <span class='ocrx_word' id='word_1_139' title='bbox 362 1892 532 1954; x_wconf 81' lang='grc' dir='ltr'><strong><em>λυπεῖσθαι</em></strong></span> <span class='ocrx_word' id='word_1_140' title='bbox 550 1888 612 1952; x_wconf 82' lang='grc' dir='ltr'><strong><em>διύ-</em></strong></span> <span class='ocrx_word' id='word_1_141' title='bbox 629 1888 687 1972; x_wconf 89' lang='grc' dir='ltr'><strong><em>τήν</em></strong></span> <span class='ocrx_word' id='word_1_142' title='bbox 706 1890 760 1979; x_wconf 84' lang='grc' dir='ltr'><strong><em>τῆς</em></strong></span> <span class='ocrx_word' id='word_1_143' title='bbox 785 1888 944 1973; x_wconf 75' lang='grc' dir='ltr'><strong><em>διαβολῆς</em></strong></span> <span class='ocrx_word' id='word_1_144' title='bbox 959 1886 1083 1970; x_wconf 79' lang='grc' dir='ltr'><strong><em>ἐλπίδα,</em></strong></span> <span class='ocrx_word' id='word_1_145' title='bbox 1107 1888 1201 1974; x_wconf 67' lang='grc' dir='ltr'><strong><em>ρὀεί.</em></strong></span> 
     </span>
     <span class='ocr_line' id='line_1_18' title="bbox 99 1982 1201 2076; baseline -0.002 -21"><span class='ocrx_word' id='word_1_146' title='bbox 99 2016 156 2076; x_wconf 92' lang='grc' dir='ltr'><strong><em>σης</em></strong></span> <span class='ocrx_word' id='word_1_147' title='bbox 178 1992 209 2053; x_wconf 81' lang='grc' dir='ltr'><strong><em>δ’</em></strong></span> <span class='ocrx_word' id='word_1_148' title='bbox 231 1982 276 2055; x_wconf 85' lang='grc' dir='ltr'><strong><em>ού</em></strong></span> <span class='ocrx_word' id='word_1_149' title='bbox 293 1993 467 2055; x_wconf 75' lang='grc' dir='ltr'><strong><em>λυπεῖσθαι</em></strong></span> <span class='ocrx_word' id='word_1_150' title='bbox 491 1988 544 2054; x_wconf 83' lang='grc' dir='ltr'><strong><em>διδ</em></strong></span> <span class='ocrx_word' id='word_1_151' title='bbox 567 1988 624 2075; x_wconf 89' lang='grc' dir='ltr'><strong><em>τήν</em></strong></span> <span class='ocrx_word' id='word_1_152' title='bbox 645 1991 903 2072; x_wconf 79' lang='grc' dir='ltr'><strong><em>ε’νοπομὲνοοσον</em></strong></span> <span class='ocrx_word' id='word_1_153' title='bbox 922 1985 1050 2074; x_wconf 89' lang='grc' dir='ltr'><strong><em>μνήμην</em></strong></span> <span class='ocrx_word' id='word_1_154' title='bbox 1070 1992 1126 2055; x_wconf 76' lang='grc' dir='ltr'><strong><em>κατ’</em></strong></span> <span class='ocrx_word' id='word_1_155' title='bbox 1145 1990 1201 2074; x_wconf 86' lang='grc' dir='ltr'><strong><em>τήν</em></strong></span> 
     </span>
     <span class='ocr_line' id='line_1_19' title="bbox 99 2083 1198 2177; baseline -0.005 -20"><span class='ocrx_word' id='word_1_156' title='bbox 99 2116 135 2177; x_wconf 79' lang='grc' dir='ltr'><strong><em>χε</em></strong></span> <span class='ocrx_word' id='word_1_157' title='bbox 160 2094 199 2176; x_wconf 83' lang='grc' dir='ltr'><strong><em>δή</em></strong></span> <span class='ocrx_word' id='word_1_158' title='bbox 222 2095 280 2176; x_wconf 88' lang='grc' dir='ltr'><strong><em>τής</em></strong></span> <span class='ocrx_word' id='word_1_159' title='bbox 304 2089 496 2176; x_wconf 84' lang='grc' dir='ltr'><strong><em>α’ναλήψεοες</em></strong></span> <span class='ocrx_word' id='word_1_160' title='bbox 517 2091 708 2174; x_wconf 82' lang='grc' dir='ltr'><strong><em>α’πύχναοιν·</em></strong></span> <span class='ocrx_word' id='word_1_161' title='bbox 739 2083 759 2174; x_wconf 86' lang='grc' dir='ltr'><strong><em>ή</em></strong></span> <span class='ocrx_word' id='word_1_162' title='bbox 783 2093 840 2154; x_wconf 88' lang='grc' dir='ltr'><strong><em>ούκ</em></strong></span> <span class='ocrx_word' id='word_1_163' title='bbox 862 2084 939 2171; x_wconf 82' lang='grc' dir='ltr'><strong><em>οἶδε,</em></strong></span> <span class='ocrx_word' id='word_1_164' title='bbox 960 2092 1015 2153; x_wconf 82' lang='grc' dir='ltr'><strong><em>καί</em></strong></span> <span class='ocrx_word' id='word_1_165' title='bbox 1034 2088 1077 2174; x_wconf 88' lang='grc' dir='ltr'><strong><em>μή</em></strong></span> <span class='ocrx_word' id='word_1_166' title='bbox 1103 2086 1198 2163; x_wconf 81' lang='grc' dir='ltr'><strong><em>εἰδούς</em></strong></span> 
     </span>
     <span class='ocr_line' id='line_1_20' title="bbox 101 2186 1206 2277; baseline -0.003 -22"><span class='ocrx_word' id='word_1_167' title='bbox 101 2192 171 2256; x_wconf 76' lang='grc' dir='ltr'><strong><em>ου’δ’</em></strong></span> <span class='ocrx_word' id='word_1_168' title='bbox 193 2186 365 2275; x_wconf 85' lang='grc' dir='ltr'><strong><em>εύδαίμων.</em></strong></span> <span class='ocrx_word' id='word_1_169' title='bbox 416 2195 566 2275; x_wconf 84' lang='grc' dir='ltr'><strong><em>πορούσα</em></strong></span> <span class='ocrx_word' id='word_1_170' title='bbox 595 2197 655 2272; x_wconf 76' lang='grc' dir='ltr'><strong><em>μὲν</em></strong></span> <span class='ocrx_word' id='word_1_171' title='bbox 682 2191 744 2277; x_wconf 75' lang='grc' dir='ltr'><strong><em>γὰρ</em></strong></span> <span class='ocrx_word' id='word_1_172' title='bbox 768 2189 885 2275; x_wconf 86' lang='grc' dir='ltr'><strong><em>ήδουήν</em></strong></span> <span class='ocrx_word' id='word_1_173' title='bbox 916 2190 973 2253; x_wconf 75' lang='lat' dir='ltr'><strong>oria</strong></span> <span class='ocrx_word' id='word_1_174' title='bbox 995 2188 1062 2272; x_wconf 81' lang='grc' dir='ltr'><strong><em>ἔχει</em></strong></span> <span class='ocrx_word' id='word_1_175' title='bbox 1085 2190 1206 2275; x_wconf 70' lang='grc' dir='ltr'><strong><em>τουτῳῒ</em></strong></span> 
     </span>
     <span class='ocr_line' id='line_1_21' title="bbox 51 2283 1201 2383; baseline -0.006 -26"><span class='ocrx_word' id='word_1_176' title='bbox 51 2298 292 2383; x_wconf 64' lang='grc' dir='ltr'><strong><em>ροκεκτημύιηι·</em></strong></span> <span class='ocrx_word' id='word_1_177' title='bbox 314 2297 369 2359; x_wconf 85' lang='grc' dir='ltr'><strong><em>καί</em></strong></span> <span class='ocrx_word' id='word_1_178' title='bbox 388 2295 455 2369; x_wconf 76' lang='grc' dir='ltr'><strong><em>πῶς</em></strong></span> <span class='ocrx_word' id='word_1_179' title='bbox 477 2287 517 2358; x_wconf 73' lang='grc' dir='ltr'><strong><em>δν</em></strong></span> <span class='ocrx_word' id='word_1_180' title='bbox 531 2290 579 2378; x_wconf 85' lang='grc' dir='ltr'><strong><em>εἴη</em></strong></span> <span class='ocrx_word' id='word_1_181' title='bbox 601 2293 766 2375; x_wconf 85' lang='grc' dir='ltr'><strong><em>εύδαίμαιν</em></strong></span> <span class='ocrx_word' id='word_1_182' title='bbox 785 2290 841 2376; x_wconf 87' lang='grc' dir='ltr'><strong><em>τήν</em></strong></span> <span class='ocrx_word' id='word_1_183' title='bbox 860 2290 1012 2377; x_wconf 83' lang='grc' dir='ltr'><strong><em>αἴσθησιν</em></strong></span> <span class='ocrx_word' id='word_1_184' title='bbox 1035 2283 1092 2355; x_wconf 89' lang='grc' dir='ltr'><strong><em>ούκ</em></strong></span> <span class='ocrx_word' id='word_1_185' title='bbox 1115 2286 1201 2371; x_wconf 72' lang='grc' dir='ltr'><strong><em>ἔχεινΙ</em></strong></span> 
     </span>
     <span class='ocr_line' id='line_1_22' title="bbox 99 2386 1350 2479; baseline -0.001 -20"><span class='ocrx_word' id='word_1_186' title='bbox 99 2386 146 2459; x_wconf 73' lang='grc' dir='ltr'><strong><em>ὧν</em></strong></span> <span class='ocrx_word' id='word_1_187' title='bbox 168 2396 343 2478; x_wconf 79' lang='grc' dir='ltr'><strong><em>κεκτῆσθαι</em></strong></span> <span class='ocrx_word' id='word_1_188' title='bbox 364 2397 474 2475; x_wconf 73' lang='grc' dir='ltr'><strong><em>δοκεῖς</em></strong></span> <span class='ocrx_word' id='word_1_189' title='bbox 509 2387 549 2458; x_wconf 78' lang='grc' dir='ltr'><strong><em>δν</em></strong></span> <span class='ocrx_word' id='word_1_190' title='bbox 581 2394 613 2457; x_wconf 82' lang='grc' dir='ltr'><strong><em>δ’</em></strong></span> <span class='ocrx_word' id='word_1_191' title='bbox 647 2393 710 2476; x_wconf 82' lang='grc' dir='ltr'><strong><em>ύψδ</em></strong></span> <span class='ocrx_word' id='word_1_192' title='bbox 732 2396 788 2459; x_wconf 83' lang='grc' dir='ltr'><strong><em>καί</em></strong></span> <span class='ocrx_word' id='word_1_193' title='bbox 812 2390 846 2457; x_wconf 88' lang='grc' dir='ltr'><strong><em>τύ</em></strong></span> <span class='ocrx_word' id='word_1_194' title='bbox 876 2393 933 2477; x_wconf 81' lang='grc' dir='ltr'><strong><em>τής</em></strong></span> <span class='ocrx_word' id='word_1_195' title='bbox 962 2391 1088 2479; x_wconf 83' lang='grc' dir='ltr'><strong><em>φύσιας</em></strong></span> <span class='ocrx_word' id='word_1_196' title='bbox 1117 2388 1262 2457; x_wconf 71' lang='lat' dir='ltr'><strong>tiamne</strong></span> <span class='ocrx_word' id='word_1_197' title='bbox 1344 2412 1350 2421; x_wconf 89' lang='lat'>&#39;</span> 
     </span>
     <span class='ocr_line' id='line_1_23' title="bbox 100 2487 1201 2585; baseline -0.006 -25"><span class='ocrx_word' id='word_1_198' title='bbox 100 2498 259 2585; x_wconf 78' lang='grc' dir='ltr'><strong><em>ἐπενὲχκη,</em></strong></span> <span class='ocrx_word' id='word_1_199' title='bbox 282 2498 362 2579; x_wconf 76' lang='grc' dir='ltr'><strong><em>λέγω</em></strong></span> <span class='ocrx_word' id='word_1_200' title='bbox 392 2495 432 2581; x_wconf 89' lang='grc' dir='ltr'><strong><em>δή</em></strong></span> <span class='ocrx_word' id='word_1_201' title='bbox 455 2493 513 2580; x_wconf 86' lang='grc' dir='ltr'><strong><em>τήν</em></strong></span> <span class='ocrx_word' id='word_1_202' title='bbox 531 2491 712 2579; x_wconf 79' lang='grc' dir='ltr'><strong><em>μεταβολήν</em></strong></span> <span class='ocrx_word' id='word_1_203' title='bbox 740 2487 874 2579; x_wconf 76' lang='grc' dir='ltr'><strong><em>ἓαυτής,</em></strong></span> <span class='ocrx_word' id='word_1_204' title='bbox 897 2499 941 2583; x_wconf 72' lang='grc' dir='ltr'><strong><em>τῷ</em></strong></span> <span class='ocrx_word' id='word_1_205' title='bbox 961 2498 1015 2577; x_wconf 89' lang='grc' dir='ltr'><strong><em>τής</em></strong></span> <span class='ocrx_word' id='word_1_206' title='bbox 1034 2490 1201 2576; x_wconf 80' lang='grc' dir='ltr'><strong><em>αι’φυεδίού</em></strong></span> 
     </span>
     <span class='ocr_line' id='line_1_24' title="bbox 99 2591 1203 2682; baseline -0.008 -19"><span class='ocrx_word' id='word_1_207' title='bbox 99 2596 277 2681; x_wconf 76' lang='grc' dir='ltr'><strong><em>ἐκπλήξεως</em></strong></span> <span class='ocrx_word' id='word_1_208' title='bbox 301 2596 528 2682; x_wconf 75' lang='grc' dir='ltr'><strong><em>ύπτρβύλλουτι</em></strong></span> <span class='ocrx_word' id='word_1_209' title='bbox 562 2603 748 2662; x_wconf 78' lang='grc' dir='ltr'><strong><em>σονανεῖλει</em></strong></span> <span class='ocrx_word' id='word_1_210' title='bbox 770 2598 870 2661; x_wconf 82' lang='grc' dir='ltr'><strong><em>ἐνίοτε</em></strong></span> <span class='ocrx_word' id='word_1_211' title='bbox 890 2596 945 2659; x_wconf 86' lang='grc' dir='ltr'><strong><em>κοί</em></strong></span> <span class='ocrx_word' id='word_1_212' title='bbox 977 2592 1012 2657; x_wconf 88' lang='grc' dir='ltr'><strong><em>τὸ</em></strong></span> <span class='ocrx_word' id='word_1_213' title='bbox 1035 2593 1101 2677; x_wconf 85' lang='grc' dir='ltr'><strong><em>ζήυ.</em></strong></span> <span class='ocrx_word' id='word_1_214' title='bbox 1146 2591 1203 2655; x_wconf 79' lang='grc' dir='ltr'><strong><em>καί</em></strong></span> 
     </span>
     <span class='ocr_line' id='line_1_25' title="bbox 98 2687 1200 2783; baseline -0.003 -23"><span class='ocrx_word' id='word_1_215' title='bbox 98 2699 287 2781; x_wconf 76' lang='grc' dir='ltr'><strong><em>προλέλοιπε</em></strong></span> <span class='ocrx_word' id='word_1_216' title='bbox 306 2700 367 2781; x_wconf 74' lang='grc' dir='ltr'><strong><em>μὲν</em></strong></span> <span class='ocrx_word' id='word_1_217' title='bbox 389 2695 488 2765; x_wconf 89' lang='grc' dir='ltr'><strong><em>αύτύν</em></strong></span> <span class='ocrx_word' id='word_1_218' title='bbox 517 2695 619 2773; x_wconf 88' lang='grc' dir='ltr'><strong><em>εύθύς</em></strong></span> <span class='ocrx_word' id='word_1_219' title='bbox 650 2690 667 2761; x_wconf 79' lang='grc' dir='ltr'><strong><em>δ</em></strong></span> <span class='ocrx_word' id='word_1_220' title='bbox 687 2702 853 2783; x_wconf 79' lang='grc' dir='ltr'><strong><em>προλιπεῖν</em></strong></span> <span class='ocrx_word' id='word_1_221' title='bbox 887 2698 947 2778; x_wconf 85' lang='grc' dir='ltr'><strong><em>μὲν</em></strong></span> <span class='ocrx_word' id='word_1_222' title='bbox 968 2695 1026 2759; x_wconf 88' lang='grc' dir='ltr'><strong><em>ούκ</em></strong></span> <span class='ocrx_word' id='word_1_223' title='bbox 1050 2687 1089 2779; x_wconf 86' lang='grc' dir='ltr'><strong><em>ήν</em></strong></span> <span class='ocrx_word' id='word_1_224' title='bbox 1112 2695 1200 2782; x_wconf 74' lang='grc' dir='ltr'><strong><em>αύτῷ</em></strong></span> 
     </span>
    </p>
   </div>
   <div class='ocr_carea' id='block_1_3' title="bbox 97 2983 1261 4206">
    <p class='ocr_par' dir='ltr' id='par_1_3' title="bbox 97 2983 1261 4206">
     <span class='ocr_line' id='line_1_26' title="bbox 98 2983 1200 3056; baseline -0.006 -16"><span class='ocrx_word' id='word_1_225' title='bbox 98 2987 230 3041; x_wconf 78' lang='lat' dir='ltr'><strong>felicitate</strong></span> <span class='ocrx_word' id='word_1_226' title='bbox 260 2984 391 3039; x_wconf 84' lang='lat' dir='ltr'><strong>reiicitur.</strong></span> <span class='ocrx_word' id='word_1_227' title='bbox 427 2984 521 3055; x_wconf 88' lang='lat' dir='ltr'><strong><em>&#39;atque</em></strong></span> <span class='ocrx_word' id='word_1_228' title='bbox 554 3001 622 3055; x_wconf 83' lang='lat' dir='ltr'><strong><em>quae</em></strong></span> <span class='ocrx_word' id='word_1_229' title='bbox 651 2984 864 3056; x_wconf 71' lang='lat' dir='ltr'><strong>persequebatur</strong></span> <span class='ocrx_word' id='word_1_230' title='bbox 892 2992 1016 3053; x_wconf 82' lang='lat' dir='ltr'><strong>tauquam</strong></span> <span class='ocrx_word' id='word_1_231' title='bbox 1035 2983 1135 3051; x_wconf 84' lang='lat' dir='ltr'><strong>optima</strong></span> <span class='ocrx_word' id='word_1_232' title='bbox 1153 2999 1200 3037; x_wconf 68' lang='lat' dir='ltr'><strong><em>ar-</em></strong></span> 
     </span>
     <span class='ocr_line' id='line_1_27' title="bbox 98 3056 1200 3126; baseline -0.008 -14"><span class='ocrx_word' id='word_1_233' title='bbox 98 3061 228 3123; x_wconf 87' lang='lat' dir='ltr'><strong>bitratus,</strong></span> <span class='ocrx_word' id='word_1_234' title='bbox 254 3072 288 3110; x_wconf 84' lang='lat' dir='ltr'><strong><em>ex</em></strong></span> <span class='ocrx_word' id='word_1_235' title='bbox 312 3058 346 3109; x_wconf 86' lang='lat' dir='ltr'><strong><em>iis</em></strong></span> <span class='ocrx_word' id='word_1_236' title='bbox 372 3057 493 3110; x_wconf 88' lang='lat' dir='ltr'><strong>omnibns</strong></span> <span class='ocrx_word' id='word_1_237' title='bbox 519 3056 600 3126; x_wconf 84' lang='lat' dir='ltr'><strong>plane</strong></span> <span class='ocrx_word' id='word_1_238' title='bbox 624 3060 745 3112; x_wconf 81' lang='lat' dir='ltr'><strong>deiectus</strong></span> <span class='ocrx_word' id='word_1_239' title='bbox 776 3065 816 3109; x_wconf 86' lang='lat' dir='ltr'><strong><em>est</em></strong></span> <span class='ocrx_word' id='word_1_240' title='bbox 846 3072 862 3107; x_wconf 90' lang='lat' dir='ltr'><strong>a</strong></span> <span class='ocrx_word' id='word_1_241' title='bbox 888 3057 994 3109; x_wconf 87' lang='lat' dir='ltr'><strong><em>fortuna</em></strong></span> <span class='ocrx_word' id='word_1_242' title='bbox 1021 3056 1064 3108; x_wconf 86' lang='lat' dir='ltr'><strong><em>eui</em></strong></span> <span class='ocrx_word' id='word_1_243' title='bbox 1093 3056 1200 3108; x_wconf 83' lang='lat' dir='ltr'><strong>sarvie..</strong></span> 
     </span>
     <span class='ocr_line' id='line_1_28' title="bbox 97 3126 1200 3201; baseline -0.007 -17"><span class='ocrx_word' id='word_1_244' title='bbox 97 3131 144 3184; x_wconf 83' lang='lat' dir='ltr'><strong><em>bat</em></strong></span> <span class='ocrx_word' id='word_1_245' title='bbox 162 3130 265 3182; x_wconf 84' lang='lat' dir='ltr'><strong><em>duetus.</em></strong></span> <span class='ocrx_word' id='word_1_246' title='bbox 310 3128 357 3180; x_wconf 92' lang='lat' dir='ltr'><strong><em>ubi</em></strong></span> <span class='ocrx_word' id='word_1_247' title='bbox 383 3130 499 3181; x_wconf 85' lang='lat' dir='ltr'><strong>omnium</strong></span> <span class='ocrx_word' id='word_1_248' title='bbox 522 3146 616 3201; x_wconf 82' lang='lat' dir='ltr'><strong>regum</strong></span> <span class='ocrx_word' id='word_1_249' title='bbox 642 3129 827 3183; x_wconf 79' lang='lat' dir='ltr'><strong>felicissimum</strong></span> <span class='ocrx_word' id='word_1_250' title='bbox 854 3142 884 3180; x_wconf 84' lang='lat' dir='ltr'><strong><em>se</em></strong></span> <span class='ocrx_word' id='word_1_251' title='bbox 909 3143 969 3180; x_wconf 87' lang='lat' dir='ltr'><strong>esse</strong></span> <span class='ocrx_word' id='word_1_252' title='bbox 988 3126 1115 3195; x_wconf 81' lang='lat' dir='ltr'><strong>putabat,</strong></span> <span class='ocrx_word' id='word_1_253' title='bbox 1144 3126 1200 3178; x_wconf 90' lang='lat' dir='ltr'><strong>ihi.</strong></span> 
     </span>
     <span class='ocr_line' id='line_1_29' title="bbox 99 3197 1198 3269; baseline -0.006 -14"><span class='ocrx_word' id='word_1_254' title='bbox 99 3204 164 3255; x_wconf 86' lang='lat' dir='ltr'><strong>dem.</strong></span> <span class='ocrx_word' id='word_1_255' title='bbox 183 3201 288 3253; x_wconf 83' lang='lat' dir='ltr'><strong><em>fortuna</em></strong></span> <span class='ocrx_word' id='word_1_256' title='bbox 317 3200 345 3254; x_wconf 88' lang='lat' dir='ltr'><strong>in</strong></span> <span class='ocrx_word' id='word_1_257' title='bbox 374 3200 486 3253; x_wconf 87' lang='lat' dir='ltr'><strong>alterum</strong></span> <span class='ocrx_word' id='word_1_258' title='bbox 516 3211 618 3269; x_wconf 86' lang='lat' dir='ltr'><strong>partem</strong></span> <span class='ocrx_word' id='word_1_259' title='bbox 649 3200 779 3254; x_wconf 87' lang='lat' dir='ltr'><strong>inclinata</strong></span> <span class='ocrx_word' id='word_1_260' title='bbox 805 3200 933 3253; x_wconf 85' lang='lat' dir='ltr'><strong>universo</strong></span> <span class='ocrx_word' id='word_1_261' title='bbox 951 3200 1025 3251; x_wconf 79' lang='lat' dir='ltr'><strong>vitae</strong></span> <span class='ocrx_word' id='word_1_262' title='bbox 1044 3197 1198 3267; x_wconf 82' lang='lat' dir='ltr'><strong>spectaculo</strong></span> 
     </span>
     <span class='ocr_line' id='line_1_30' title="bbox 100 3271 1200 3336; baseline -0.006 -10"><span class='ocrx_word' id='word_1_263' title='bbox 100 3280 128 3327; x_wconf 89' lang='lat' dir='ltr'><strong><em>et</em></strong></span> <span class='ocrx_word' id='word_1_264' title='bbox 145 3281 276 3325; x_wconf 88' lang='lat' dir='ltr'><strong><em>terrarum</em></strong></span> <span class='ocrx_word' id='word_1_265' title='bbox 296 3271 355 3324; x_wconf 89' lang='lat' dir='ltr'><strong>orbi</strong></span> <span class='ocrx_word' id='word_1_266' title='bbox 373 3271 449 3325; x_wconf 86' lang='lat' dir='ltr'><strong>illum</strong></span> <span class='ocrx_word' id='word_1_267' title='bbox 468 3274 586 3326; x_wconf 86' lang='lat' dir='ltr'><strong>ostendit</strong></span> <span class='ocrx_word' id='word_1_268' title='bbox 608 3274 762 3325; x_wconf 84' lang='lat' dir='ltr'><strong>destitutum</strong></span> <span class='ocrx_word' id='word_1_269' title='bbox 780 3286 834 3323; x_wconf 91' lang='lat' dir='ltr'><strong><em>non</em></strong></span> <span class='ocrx_word' id='word_1_270' title='bbox 854 3272 931 3323; x_wconf 89' lang='lat' dir='ltr'><strong>modo</strong></span> <span class='ocrx_word' id='word_1_271' title='bbox 952 3286 967 3322; x_wconf 86' lang='lat' dir='ltr'><strong>a</strong></span> <span class='ocrx_word' id='word_1_272' title='bbox 985 3272 1036 3323; x_wconf 86' lang='lat' dir='ltr'><strong><em>deo</em></strong></span> <span class='ocrx_word' id='word_1_273' title='bbox 1054 3285 1127 3336; x_wconf 87' lang='lat' dir='ltr'><strong><em>uno,</em></strong></span> <span class='ocrx_word' id='word_1_274' title='bbox 1147 3288 1200 3324; x_wconf 87' lang='lat' dir='ltr'><strong><em>ve.</em></strong></span> 
     </span>
     <span class='ocr_line' id='line_1_31' title="bbox 98 3343 1199 3414; baseline -0.005 -17"><span class='ocrx_word' id='word_1_275' title='bbox 98 3361 157 3399; x_wconf 90' lang='lat' dir='ltr'><strong><em>rum</em></strong></span> <span class='ocrx_word' id='word_1_276' title='bbox 175 3346 253 3397; x_wconf 88' lang='lat' dir='ltr'><strong>etiam</strong></span> <span class='ocrx_word' id='word_1_277' title='bbox 271 3343 304 3396; x_wconf 90' lang='lat' dir='ltr'><strong><em>ab</em></strong></span> <span class='ocrx_word' id='word_1_278' title='bbox 322 3346 381 3414; x_wconf 84' lang='lat' dir='ltr'><strong>ipsa</strong></span> <span class='ocrx_word' id='word_1_279' title='bbox 397 3360 449 3413; x_wconf 82' lang='lat' dir='ltr'><strong><em>qua</em></strong></span> <span class='ocrx_word' id='word_1_280' title='bbox 467 3344 519 3396; x_wconf 81' lang='lat' dir='ltr'><strong><em>frui</em></strong></span> <span class='ocrx_word' id='word_1_281' title='bbox 539 3345 627 3398; x_wconf 81' lang='lat' dir='ltr'><strong>voiuit</strong></span> <span class='ocrx_word' id='word_1_282' title='bbox 645 3345 761 3395; x_wconf 77' lang='lat' dir='ltr'><strong><em>fortuna.</em></strong></span> <span class='ocrx_word' id='word_1_283' title='bbox 782 3358 837 3395; x_wconf 88' lang='lat' dir='ltr'><strong><em>uon</em></strong></span> <span class='ocrx_word' id='word_1_284' title='bbox 857 3345 926 3395; x_wconf 90' lang='lat' dir='ltr'><strong>enim</strong></span> <span class='ocrx_word' id='word_1_285' title='bbox 946 3343 1020 3396; x_wconf 86' lang='lat' dir='ltr'><strong>iirmo</strong></span> <span class='ocrx_word' id='word_1_286' title='bbox 1042 3344 1122 3397; x_wconf 85' lang='lat' dir='ltr'><strong>stabit</strong></span> <span class='ocrx_word' id='word_1_287' title='bbox 1134 3343 1199 3395; x_wconf 87' lang='lat' dir='ltr'><strong><em>fun.</em></strong></span> 
     </span>
     <span class='ocr_line' id='line_1_32' title="bbox 99 3414 1199 3487; baseline -0.004 -16"><span class='ocrx_word' id='word_1_288' title='bbox 99 3418 222 3471; x_wconf 83' lang='lat' dir='ltr'><strong>dumento</strong></span> <span class='ocrx_word' id='word_1_289' title='bbox 243 3415 330 3485; x_wconf 80' lang='lat' dir='ltr'><strong>gioria</strong></span> <span class='ocrx_word' id='word_1_290' title='bbox 346 3416 404 3469; x_wconf 86' lang='lat' dir='ltr'><strong>aila</strong></span> <span class='ocrx_word' id='word_1_291' title='bbox 422 3432 491 3487; x_wconf 84' lang='lat' dir='ltr'><strong><em>quae</em></strong></span> <span class='ocrx_word' id='word_1_292' title='bbox 506 3432 522 3467; x_wconf 91' lang='lat' dir='ltr'><strong>a</strong></span> <span class='ocrx_word' id='word_1_293' title='bbox 539 3417 589 3468; x_wconf 86' lang='lat' dir='ltr'><strong><em>deo</em></strong></span> <span class='ocrx_word' id='word_1_294' title='bbox 609 3423 741 3483; x_wconf 85' lang='lat' dir='ltr'><strong>separata,</strong></span> <span class='ocrx_word' id='word_1_295' title='bbox 759 3431 774 3466; x_wconf 85' lang='lat' dir='ltr'><strong>a</strong></span> <span class='ocrx_word' id='word_1_296' title='bbox 792 3414 912 3467; x_wconf 79' lang='lat' dir='ltr'><strong>mutabili</strong></span> <span class='ocrx_word' id='word_1_297' title='bbox 934 3416 1041 3467; x_wconf 83' lang='lat' dir='ltr'><strong><em>fortuna</em></strong></span> <span class='ocrx_word' id='word_1_298' title='bbox 1055 3418 1199 3469; x_wconf 88' lang='lat' dir='ltr'><strong>constituta</strong></span> 
     </span>
     <span class='ocr_line' id='line_1_33' title="bbox 100 3487 1197 3557; baseline -0.002 -18"><span class='ocrx_word' id='word_1_299' title='bbox 100 3495 150 3539; x_wconf 86' lang='lat' dir='ltr'><strong>est.</strong></span> <span class='ocrx_word' id='word_1_300' title='bbox 187 3489 298 3539; x_wconf 86' lang='lat' dir='ltr'><strong><em>duorum</em></strong></span> <span class='ocrx_word' id='word_1_301' title='bbox 319 3489 389 3539; x_wconf 88' lang='lat' dir='ltr'><strong>enim</strong></span> <span class='ocrx_word' id='word_1_302' title='bbox 409 3488 539 3541; x_wconf 85' lang='lat' dir='ltr'><strong>malorum</strong></span> <span class='ocrx_word' id='word_1_303' title='bbox 558 3502 627 3557; x_wconf 86' lang='lat' dir='ltr'><strong><em>quae</em></strong></span> <span class='ocrx_word' id='word_1_304' title='bbox 646 3489 750 3541; x_wconf 85' lang='lat' dir='ltr'><strong>faustae</strong></span> <span class='ocrx_word' id='word_1_305' title='bbox 773 3487 894 3540; x_wconf 75' lang='lat' dir='ltr'><strong>fortunae</strong></span> <span class='ocrx_word' id='word_1_306' title='bbox 918 3496 1018 3542; x_wconf 87' lang='lat' dir='ltr'><strong>sortem</strong></span> <span class='ocrx_word' id='word_1_307' title='bbox 1041 3497 1197 3555; x_wconf 88' lang='lat' dir='ltr'><strong><em>sequuntur,</em></strong></span> 
     </span>
     <span class='ocr_line' id='line_1_34' title="bbox 98 3557 1198 3628; baseline -0.001 -18"><span class='ocrx_word' id='word_1_308' title='bbox 98 3566 146 3610; x_wconf 85' lang='lat' dir='ltr'><strong><em>aut</em></strong></span> <span class='ocrx_word' id='word_1_309' title='bbox 156 3557 232 3609; x_wconf 84' lang='lat' dir='ltr'><strong>umbo</strong></span> <span class='ocrx_word' id='word_1_310' title='bbox 247 3558 443 3625; x_wconf 77' lang='lat' dir='ltr'><strong><em>perfunduntur</em></strong></span> <span class='ocrx_word' id='word_1_311' title='bbox 453 3562 586 3613; x_wconf 88' lang='lat' dir='ltr'><strong>aerumnis</strong></span> <span class='ocrx_word' id='word_1_312' title='bbox 602 3575 671 3628; x_wconf 86' lang='lat' dir='ltr'><strong><em>quae</em></strong></span> <span class='ocrx_word' id='word_1_313' title='bbox 682 3558 755 3611; x_wconf 87' lang='lat' dir='ltr'><strong>illam</strong></span> <span class='ocrx_word' id='word_1_314' title='bbox 776 3559 947 3623; x_wconf 75' lang='lat' dir='ltr'><strong>circumdant,</strong></span> <span class='ocrx_word' id='word_1_315' title='bbox 968 3565 1012 3609; x_wconf 88' lang='lat' dir='ltr'><strong><em>aut</em></strong></span> <span class='ocrx_word' id='word_1_316' title='bbox 1023 3568 1097 3610; x_wconf 86' lang='lat' dir='ltr'><strong>certo</strong></span> <span class='ocrx_word' id='word_1_317' title='bbox 1112 3557 1198 3610; x_wconf 87' lang='lat' dir='ltr'><strong>alter-</strong></span> 
     </span>
     <span class='ocr_line' id='line_1_35' title="bbox 98 3632 1261 3700; baseline 0.002 -19"><span class='ocrx_word' id='word_1_318' title='bbox 98 3638 195 3682; x_wconf 88' lang='lat' dir='ltr'><strong><em>utrum.</em></strong></span> <span class='ocrx_word' id='word_1_319' title='bbox 236 3638 282 3681; x_wconf 87' lang='lat' dir='ltr'><strong><em>aut</em></strong></span> <span class='ocrx_word' id='word_1_320' title='bbox 304 3632 373 3683; x_wconf 89' lang='lat' dir='ltr'><strong>enim</strong></span> <span class='ocrx_word' id='word_1_321' title='bbox 394 3640 513 3684; x_wconf 84' lang='lat' dir='ltr'><strong>metuere</strong></span> <span class='ocrx_word' id='word_1_322' title='bbox 527 3632 660 3684; x_wconf 79' lang='lat' dir='ltr'><strong>fortunam</strong></span> <span class='ocrx_word' id='word_1_323' title='bbox 681 3632 789 3700; x_wconf 84' lang='lat' dir='ltr'><strong>cognita</strong></span> <span class='ocrx_word' id='word_1_324' title='bbox 809 3632 865 3683; x_wconf 87' lang='lat' dir='ltr'><strong>eius</strong></span> <span class='ocrx_word' id='word_1_325' title='bbox 885 3632 1065 3682; x_wconf 77' lang='lat' dir='ltr'><strong>inconstantia</strong></span> <span class='ocrx_word' id='word_1_326' title='bbox 1084 3643 1197 3680; x_wconf 83' lang='lat' dir='ltr'><strong>neeesse</strong></span> <span class='ocrx_word' id='word_1_327' title='bbox 1256 3672 1261 3683; x_wconf 92' lang='lat'>.</span> 
     </span>
     <span class='ocr_line' id='line_1_36' title="bbox 100 3700 1195 3769; baseline -0.002 -17"><span class='ocrx_word' id='word_1_328' title='bbox 100 3709 142 3755; x_wconf 86' lang='lat' dir='ltr'><strong><em>est</em></strong></span> <span class='ocrx_word' id='word_1_329' title='bbox 163 3700 235 3751; x_wconf 88' lang='lat' dir='ltr'><strong>etin</strong></span> <span class='ocrx_word' id='word_1_330' title='bbox 254 3710 411 3768; x_wconf 83' lang='lat' dir='ltr'><strong>perpetuum</strong></span> <span class='ocrx_word' id='word_1_331' title='bbox 436 3718 466 3756; x_wconf 88' lang='lat' dir='ltr'><strong><em>se</em></strong></span> <span class='ocrx_word' id='word_1_332' title='bbox 490 3703 554 3756; x_wconf 84' lang='lat' dir='ltr'><strong><em>dare</em></strong></span> <span class='ocrx_word' id='word_1_333' title='bbox 571 3705 676 3769; x_wconf 89' lang='lat' dir='ltr'><strong>timori,</strong></span> <span class='ocrx_word' id='word_1_334' title='bbox 696 3719 732 3755; x_wconf 87' lang='lat' dir='ltr'><strong><em>no</em></strong></span> <span class='ocrx_word' id='word_1_335' title='bbox 752 3704 781 3754; x_wconf 94' lang='lat' dir='ltr'><strong>in</strong></span> <span class='ocrx_word' id='word_1_336' title='bbox 799 3718 893 3755; x_wconf 85' lang='lat' dir='ltr'><strong><em>secura</em></strong></span> <span class='ocrx_word' id='word_1_337' title='bbox 912 3700 1042 3753; x_wconf 83' lang='lat' dir='ltr'><strong>felicitate</strong></span> <span class='ocrx_word' id='word_1_338' title='bbox 1062 3706 1195 3763; x_wconf 77' lang='lat' dir='ltr'><strong><em>versetur,</em></strong></span> 
     </span>
     <span class='ocr_line' id='line_1_37' title="bbox 99 3770 1198 3845; baseline -0.005 -18"><span class='ocrx_word' id='word_1_339' title='bbox 99 3774 217 3841; x_wconf 85' lang='lat' dir='ltr'><strong>denique</strong></span> <span class='ocrx_word' id='word_1_340' title='bbox 238 3785 318 3838; x_wconf 83' lang='lat' dir='ltr'><strong><em>quum</em></strong></span> <span class='ocrx_word' id='word_1_341' title='bbox 336 3772 486 3840; x_wconf 69' lang='lat' dir='ltr'><strong>illuuiem,</strong></span> <span class='ocrx_word' id='word_1_342' title='bbox 504 3778 567 3845; x_wconf 80' lang='lat' dir='ltr'><strong>angi</strong></span> <span class='ocrx_word' id='word_1_343' title='bbox 585 3791 698 3829; x_wconf 88' lang='lat' dir='ltr'><strong>necesse</strong></span> <span class='ocrx_word' id='word_1_344' title='bbox 718 3782 758 3827; x_wconf 87' lang='lat' dir='ltr'><strong><em>ost</em></strong></span> <span class='ocrx_word' id='word_1_345' title='bbox 777 3774 811 3826; x_wconf 94' lang='lat' dir='ltr'><strong><em>ob</em></strong></span> <span class='ocrx_word' id='word_1_346' title='bbox 829 3776 948 3825; x_wconf 85' lang='lat' dir='ltr'><strong>iacturae</strong></span> <span class='ocrx_word' id='word_1_347' title='bbox 967 3778 1074 3836; x_wconf 86' lang='lat' dir='ltr'><strong>metum,</strong></span> <span class='ocrx_word' id='word_1_348' title='bbox 1094 3770 1198 3838; x_wconf 88' lang='lat' dir='ltr'><strong>dilapsa</strong></span> 
     </span>
     <span class='ocr_line' id='line_1_38' title="bbox 99 3844 1197 3912; baseline -0.002 -16"><span class='ocrx_word' id='word_1_349' title='bbox 99 3851 189 3897; x_wconf 85' lang='lat' dir='ltr'><strong>autem</strong></span> <span class='ocrx_word' id='word_1_350' title='bbox 209 3857 301 3894; x_wconf 84' lang='lat' dir='ltr'><strong><em>rursus</em></strong></span> <span class='ocrx_word' id='word_1_351' title='bbox 314 3845 377 3912; x_wconf 80' lang='lat' dir='ltr'><strong>angi</strong></span> <span class='ocrx_word' id='word_1_352' title='bbox 396 3845 430 3896; x_wconf 92' lang='lat' dir='ltr'><strong><em>ob</em></strong></span> <span class='ocrx_word' id='word_1_353' title='bbox 449 3850 602 3900; x_wconf 85' lang='lat' dir='ltr'><strong>memoriam</strong></span> <span class='ocrx_word' id='word_1_354' title='bbox 621 3850 679 3900; x_wconf 88' lang='lat' dir='ltr'><strong>eius</strong></span> <span class='ocrx_word' id='word_1_355' title='bbox 700 3856 727 3900; x_wconf 90' lang='lat' dir='ltr'><strong><em>et</em></strong></span> <span class='ocrx_word' id='word_1_356' title='bbox 744 3847 939 3898; x_wconf 81' lang='lat' dir='ltr'><strong><em>recreationem</em></strong></span> <span class='ocrx_word' id='word_1_357' title='bbox 959 3844 1134 3912; x_wconf 87' lang='lat' dir='ltr'><strong>desperatam.</strong></span> <span class='ocrx_word' id='word_1_358' title='bbox 1155 3844 1197 3896; x_wconf 87' lang='lat' dir='ltr'><strong>sin</strong></span> 
     </span>
     <span class='ocr_line' id='line_1_39' title="bbox 99 3915 1196 3987; baseline -0.005 -16"><span class='ocrx_word' id='word_1_359' title='bbox 99 3931 166 3971; x_wconf 79' lang='lat' dir='ltr'><strong><em>vero</em></strong></span> <span class='ocrx_word' id='word_1_360' title='bbox 188 3929 245 3967; x_wconf 88' lang='lat' dir='ltr'><strong>eam</strong></span> <span class='ocrx_word' id='word_1_361' title='bbox 263 3916 366 3979; x_wconf 87' lang='lat' dir='ltr'><strong>nescit,</strong></span> <span class='ocrx_word' id='word_1_362' title='bbox 384 3915 479 3970; x_wconf 87' lang='lat' dir='ltr'><strong>beatus</strong></span> <span class='ocrx_word' id='word_1_363' title='bbox 499 3932 559 3969; x_wconf 89' lang='lat' dir='ltr'><strong>esse</strong></span> <span class='ocrx_word' id='word_1_364' title='bbox 579 3934 633 3971; x_wconf 89' lang='lat' dir='ltr'><strong><em>non</em></strong></span> <span class='ocrx_word' id='word_1_365' title='bbox 654 3927 751 3987; x_wconf 85' lang='lat' dir='ltr'><strong>potest.</strong></span> <span class='ocrx_word' id='word_1_366' title='bbox 797 3934 857 3970; x_wconf 86' lang='lat' dir='ltr'><strong>nam</strong></span> <span class='ocrx_word' id='word_1_367' title='bbox 877 3930 945 3987; x_wconf 87' lang='lat' dir='ltr'><strong><em>quae</em></strong></span> <span class='ocrx_word' id='word_1_368' title='bbox 973 3916 1049 3969; x_wconf 88' lang='lat' dir='ltr'><strong>adest</strong></span> <span class='ocrx_word' id='word_1_369' title='bbox 1068 3917 1196 3983; x_wconf 81' lang='lat' dir='ltr'><strong>volupta-</strong></span> 
     </span>
     <span class='ocr_line' id='line_1_40' title="bbox 98 3986 1196 4059; baseline -0.011 -16"><span class='ocrx_word' id='word_1_370' title='bbox 98 3999 153 4043; x_wconf 87' lang='lat' dir='ltr'><strong><em>tem</em></strong></span> <span class='ocrx_word' id='word_1_371' title='bbox 174 3986 326 4056; x_wconf 75' lang='lat' dir='ltr'><strong>possessori</strong></span> <span class='ocrx_word' id='word_1_372' title='bbox 344 3987 431 4041; x_wconf 78' lang='lat' dir='ltr'><strong><em>affert.</em></strong></span> <span class='ocrx_word' id='word_1_373' title='bbox 474 3988 605 4056; x_wconf 81' lang='lat' dir='ltr'><strong>quomodo</strong></span> <span class='ocrx_word' id='word_1_374' title='bbox 634 3999 720 4043; x_wconf 87' lang='lat' dir='ltr'><strong>autem</strong></span> <span class='ocrx_word' id='word_1_375' title='bbox 740 3990 807 4043; x_wconf 83' lang='lat' dir='ltr'><strong>felix</strong></span> <span class='ocrx_word' id='word_1_376' title='bbox 827 4004 886 4041; x_wconf 89' lang='lat' dir='ltr'><strong>esse</strong></span> <span class='ocrx_word' id='word_1_377' title='bbox 914 3990 1023 4057; x_wconf 86' lang='lat' dir='ltr'><strong>poterit,</strong></span> <span class='ocrx_word' id='word_1_378' title='bbox 1044 3990 1089 4059; x_wconf 91' lang='lat' dir='ltr'><strong><em>qui</em></strong></span> <span class='ocrx_word' id='word_1_379' title='bbox 1106 3986 1196 4040; x_wconf 87' lang='lat' dir='ltr'><strong>sensi.</strong></span> 
     </span>
     <span class='ocr_line' id='line_1_41' title="bbox 107 4059 1200 4140; baseline -0.006 -26"><span class='ocrx_word' id='word_1_380' title='bbox 107 4062 161 4125; x_wconf 84' lang='lat' dir='ltr'><strong><em>bus</em></strong></span> <span class='ocrx_word' id='word_1_381' title='bbox 178 4061 279 4126; x_wconf 83' lang='lat' dir='ltr'><strong>idnou</strong></span> <span class='ocrx_word' id='word_1_382' title='bbox 290 4060 421 4130; x_wconf 60' lang='lat' dir='ltr'><strong>perctarit,</strong></span> <span class='ocrx_word' id='word_1_383' title='bbox 441 4059 510 4129; x_wconf 87' lang='lat' dir='ltr'><strong><em>quod</em></strong></span> <span class='ocrx_word' id='word_1_384' title='bbox 530 4063 670 4129; x_wconf 62' lang='lat' dir='ltr'><strong>possidere</strong></span> <span class='ocrx_word' id='word_1_385' title='bbox 689 4064 804 4140; x_wconf 73' lang='lat' dir='ltr'><strong><em>uidetur.</em></strong></span> <span class='ocrx_word' id='word_1_386' title='bbox 833 4064 874 4125; x_wconf 88' lang='lat' dir='ltr'><strong>sin</strong></span> <span class='ocrx_word' id='word_1_387' title='bbox 887 4070 1072 4130; x_wconf 77' lang='grc' dir='ltr'><strong><em>Ινοτοροειοο</em></strong></span> <span class='ocrx_word' id='word_1_388' title='bbox 1088 4066 1200 4121; x_wconf 85' lang='lat' dir='ltr'><strong><em>naturae</em></strong></span> 
     </span>
     <span class='ocr_line' id='line_1_42' title="bbox 108 4132 1200 4206; baseline -0.004 -20"><span class='ocrx_word' id='word_1_389' title='bbox 108 4135 245 4206; x_wconf 76' lang='lat' dir='ltr'><strong>proprium</strong></span> <span class='ocrx_word' id='word_1_390' title='bbox 264 4132 344 4203; x_wconf 83' lang='lat' dir='ltr'><strong>feret,</strong></span> <span class='ocrx_word' id='word_1_391' title='bbox 364 4133 538 4187; x_wconf 73' lang='lat' dir='ltr'><strong>mutationem</strong></span> <span class='ocrx_word' id='word_1_392' title='bbox 549 4148 623 4187; x_wconf 85' lang='lat' dir='ltr'><strong>suam</strong></span> <span class='ocrx_word' id='word_1_393' title='bbox 637 4136 708 4206; x_wconf 81' lang='lat' dir='ltr'><strong>iiico,</strong></span> <span class='ocrx_word' id='word_1_394' title='bbox 725 4136 866 4205; x_wconf 85' lang='lat' dir='ltr'><strong>repentino</strong></span> <span class='ocrx_word' id='word_1_395' title='bbox 876 4134 1083 4203; x_wconf 85' lang='lat' dir='ltr'><strong>perturbationis</strong></span> <span class='ocrx_word' id='word_1_396' title='bbox 1100 4132 1200 4198; x_wconf 80' lang='lat' dir='ltr'><strong>impetu</strong></span> 
     </span>
    </p>
   </div>
   <div class='ocr_carea' id='block_1_4' title="bbox 0 0 1514 4759">
    <p class='ocr_par' dir='ltr' id='par_1_4' title="bbox 0 0 1514 4759">
     <span class='ocr_line' id='line_1_43' title="bbox 0 0 1514 4759; baseline 0 0"><span class='ocrx_word' id='word_1_397' title='bbox 0 0 1514 4759; x_wconf 95' lang='lat' dir='ltr'><strong><em> </em></strong></span> 
     </span>
    </p>
   </div>
  </div>
 </body>
</html>
