3017 4759
186 226 409 296 ursuoamu
435 222 693 292 cumminas
709 227 805 289 xxx.
832 208 998 291 tta-t
1014 211 1078 292 16.
1140 211 1218 294 sis

117 396 172 459 κατ’
197 388 346 475 άπορρτδξ
377 391 512 474 ἐρινδων
546 389 645 473 φάναι
672 386 730 470 την
764 387 889 469 γνάμην
923 393 1107 452 καθίστατο.
1161 384 1307 453 decim
1375 429 1377 432 -
1431 363 1433 382 Ι

117 490 189 558 οὔτε
212 492 349 566 ἐκείνους
375 491 505 565 άθάους
538 488 677 573 ἔφασκον
696 483 793 567 άξιον
822 491 928 567 μένειν
958 491 1013 572 τῆς
1036 491 1214 574 καταδίκης,

117 597 239 666 αἰτίους
258 595 317 673 μὲν
339 592 500 678 αδτηλτῆς
524 595 556 666 ἐς
578 586 632 653 τόν
653 593 725 671 pirou
741 591 928 671 pecuniaeve
950 591 1139 673 παραγωγῆς
1161 593 1215 654 ai-

117 698 202 767 τίους
224 695 336 757 δέτοῦ
359 694 414 774 τῆς
435 693 599 773 ἐκκλησίας
629 694 670 755 δι’
692 686 789 755 αάτόν
819 694 994 772 χειμῶνος,
1030 685 1093 754 οὔτ’
1116 688 1216 756 αδτόν
1315 681 1327 722 ·”

90 794 212 860 nodosa
249 796 448 876 ἐξαιρεῖσθαι
489 796 545 875 τῆς
573 779 764 877 καταδίκης,
799 779 1018 872 μεσιτεόοντος
1047 791 1124 867 ἴσως
1158 792 1217 857 τοῦ

119 893 298 977 α’βσυλητου
320 889 373 958 διά
395 892 452 968 τάς
467 889 681 977 σπερματικὰς
703 897 737 956 ἐκ
752 896 902 975 γενέσεως
916 892 1022 976 α’ρχάς
1035 892 1088 956 κατ’
1106 892 1217 973 βιαίας

119 992 270 1072 δυνάμεις
293 995 347 1077 τῆς
368 995 522 1076 πατρικῆς
544 996 711 1078 πονηρίας,
743 994 889 1072 ζιζανίων
920 994 1009 1076 δίκην
1052 993 1216 1078 ἐρανιθιί-

117 1115 176 1163 σας
198 1095 319 1155 ἐκεῖθεν
340 1094 395 1155 κατ’
420 1095 735 1176 προκαταβληθετοας
769 1091 870 1167 ια’θδς
903 1093 961 1176 άφ’
991 1085 1097 1166 ἑστίας
1122 1095 1156 1156 ἐν
1176 1093 1216 1178 τῇ

118 1188 278 1260 συστάσει.
331 1188 401 1256 ἀλλ’
420 1187 582 1275 ἑκατέροις
613 1187 759 1274 ἑκάτεροι
780 1196 842 1256 τάν
865 1193 953 1276 άράν
975 1191 1030 1255 καί
1049 1190 1217 1272 λοιδοριῶν

76 1303 109 1358 10
119 1289 348 1373 κοινωνησουσί
363 1316 416 1374 τε,
450 1293 504 1356 κατ’
527 1287 669 1380 ὄστράκρν
700 1292 885 1358 δουλεύσειν
913 1294 1114 1377 α’μφοτίρους
1136 1287 1218 1371 ixioni
1229 1300 1247 1352 i.
1266 1296 1315 1354 155
1324 1311 1348 1350 r·

117 1396 162 1477 τῷ
185 1392 273 1480 nisui
295 1404 527 1473 συμπεσεῖται,
547 1398 610 1469 τόῖς
633 1397 693 1474 μὲν
717 1393 760 1466 ὥς
789 1392 924 1474 πονηράν
949 1395 1144 1474 ἐξενιγκοδσι
1167 1394 1221 1455 καί

115 1494 259 1572 θρέψασι
285 1490 374 1557 τόκον
394 1497 435 1579 τῷ
456 1495 539 1582 βίην,
560 1495 613 1556 κατ’
634 1495 691 1555 οδκ
728 1495 774 1570 εἰς
801 1495 994 1576 Κιθαιράια
1024 1490 1081 1555 καί
1101 1490 1220 1572 Χάρυ-

116 1593 200 1673 βδιν,
221 1591 276 1656 καί
286 1585 388 1657 εἴποό
402 1618 451 1669 τις
472 1592 505 1659 ἐκ
519 1597 664 1680 μηχανῆς
687 1591 867 1677 καινότερος
883 1589 1062 1674 ἐταμιεάιτο
1086 1591 1221 1667 θάνατος
1290 1617 1292 1620 ·

118 1692 152 1754 ἐν
170 1693 356 1777 χαράδραις
384 1697 439 1759 καί
462 1695 581 1775 κύμασι
598 1696 670 1781 γῆς
697 1693 751 1758 κατ’
772 1693 943 1778 θαλάττης,
966 1692 1103 1775 ῥίψασιν
1126 1690 1220 1758 ἐκθε-
1395 1680 1399 1689 ’

75 1805 108 1860 15
119 1816 180 1876 τον,
203 1790 308 1868 εάθδς
327 1791 458 1878 ἐκραγὲν
471 1798 526 1878 τῆς
542 1794 664 1858 άτόπου
678 1791 826 1878 γαστρός,
847 1798 891 1883 τῷ
914 1797 949 1858 δέ
965 1791 1006 1869 οἷς
1022 1790 1096 1878 μήτ’
1118 1795 1219 1875 dsto-

120 1901 210 1976 λητον
234 1892 290 1976 την
314 1897 442 1960 ἐκείνων
463 1900 664 1984 ποιησαμένῳ
686 1899 808 1977 κακίαν,
832 1889 888 1960 tiss
910 1894 1006 1978 λόγου
1025 1895 1218 1978 μετασχόντι

116 1996 171 2058 κατ’
190 1997 337 2072 παιδείας
360 1996 530 2077 ὁπωσοῦν,
561 1988 597 2081 ἧς
616 2006 761 2078 μετεῖναι
782 2006 846 2074 τοῖς
868 2000 1015 2080 γονεῦσιν
1038 1997 1077 2059 ου’
1092 2000 1218 2077 συμπέ-

118 2119 232 2176 πτωκε,
251 2095 330 2179 μήτε
342 2102 443 2184 μηδὲν
459 2102 689 2183 ἐπιεικέστερον
701 2097 829 2177 ου’δενδς
844 2101 1031 2177 διατεθέντι,
1055 2095 1143 2172 εἴτις
1155 2125 1220 2162 πα-

115 2197 300 2280 ραπλησίσος
324 2197 455 2274 ἐκείνοις
478 2196 590 2281 ἐνόσει,
607 2202 690 2285 μηδὲ
712 2202 804 2287 κωφῇ
833 2203 909 2282 γοῦν
934 2201 1039 2284 σιωπῇ
1059 2197 1092 2262 τό
1118 2197 1215 2262 κακόν

73 2294 327 2377 γοπεριθάλπειν
350 2302 584 2386 βτβουλημένηι,
606 2299 691 2364 ’άλλά
710 2305 812 2386 πολλῷ
829 2302 872 2388 τῷ
890 2299 996 2385 μάτρῳ
1019 2302 1218 2383 μοχθηροτέ-

120 2421 188 2481 ροις
210 2395 249 2481 δὴ
286 2423 349 2463 τισι
383 2399 438 2464 κατ’
467 2398 594 2486 σφόδρα
617 2399 764 2466 α’ναιδέσι
795 2406 956 2482 λογισμοῖς
976 2396 1217 2483 παραδεδωκότι

117 2494 178 2578 τήν
195 2500 249 2579 τῆς
280 2494 406 2583 γνάμης
436 2501 616 2584 ἡγεμονίαν.
670 2505 725 2565 κατ’
750 2509 859 2575 κακοῖς
892 2491 972 2562 κακά
1003 2500 1312 2584 παραμίξαντιιίθ

118 2588 184 2681 ἢθη
205 2597 260 2662 καί
289 2596 431 2682 δόγματα
462 2611 598 2687 μακροῖς
631 2606 696 2667 reci
716 2597 909 2688 διαστήμασι
933 2599 990 2685 τήν
1011 2623 1045 2664 τε
1067 2597 1217 2687 πατρῴαν

120 2927 296 2979 constitueret
331 2935 463 2992 mentem,
497 2935 527 2978 ut
555 2928 689 2980 diceretur
714 2928 840 2981 fariamm
873 2941 1003 2994 propago.
1046 2925 1217 2994 quamobrem

120 2997 325 3059 contendebant,
345 3013 434 3065 neque
451 2997 515 3049 ilios
534 2999 634 3050 liberos
654 3015 714 3052 esse
732 3000 830 3052 debere
850 2998 1080 3059 condemnatione,
1101 2997 1148 3063 qui
1166 3013 1216 3048 au.

121 3076 209 3119 ctores
230 3067 344 3118 inissent
363 3069 421 3120 eius
440 3070 512 3121 vitae
530 3070 663 3138 simulque
681 3071 847 3137 tempestatis
865 3084 913 3136 per
933 3085 991 3118 eum
1011 3075 1104 3119 contra
1124 3066 1216 3118 eccle.
1266 3085 1271 3094 ’

120 3141 185 3191 siam
205 3146 329 3203 exortae,
349 3155 438 3205 neque
457 3141 598 3208 quidquam
625 3140 701 3192 illum
727 3142 949 3193 condemnatione
976 3140 1109 3202 eximere,
1140 3140 1215 3206 quasi

120 3210 221 3260 invitus
240 3217 349 3262 coactus
369 3219 440 3263 esset
458 3221 568 3279 propter
585 3213 698 3263 seminis
718 3213 773 3263 nati
793 3213 929 3280 origines,
950 3219 977 3262 et
994 3217 1122 3278 cogentes
1142 3210 1215 3261 vires

120 3281 259 3346 pravitatis
288 3289 415 3348 paternae
435 3282 496 3335 lolii
514 3285 598 3334 instar
616 3291 782 3348 comparatas
800 3284 862 3334 indo
883 3290 909 3334 et
926 3283 1014 3334 statim
1033 3283 1060 3332 iu
1080 3282 1138 3348 ipsa
1158 3282 1215 3332 ori.

120 3351 184 3418 gine
203 3352 329 3404 deiectas.
359 3354 405 3405 sed
424 3362 538 3421 uterque
558 3369 616 3404 cnm
635 3360 748 3422 utroque
760 3354 950 3406 detestationes
970 3361 996 3404 et
1007 3353 1129 3405 convicia
1140 3367 1214 3403 com.

49 3419 58 3434 ⁰
119 3423 265 3475 municabit
287 3430 314 3475 et
333 3425 438 3477 accidet
463 3434 492 3476 ut
519 3433 633 3492 uterque
651 3425 729 3476 simui
758 3426 843 3477 eidem
861 3425 960 3476 iudicio
980 3425 1153 3477 subiiciatur:
1174 3423 1214 3475 illi

121 3494 192 3560 quod
210 3496 390 3562 propaginem·
402 3512 510 3563 pravam
531 3499 558 3548 in
577 3498 658 3548 vitam
678 3495 853 3563 protulissent
873 3505 899 3547 et
917 3497 1109 3548 enutrivissent
1126 3509 1215 3561 neque

120 3565 148 3614 in
168 3563 328 3617 Cithaerone
348 3575 374 3618 et
391 3568 542 3635 Charybdin
562 3584 593 3620 ac
612 3569 635 3620 si
653 3583 705 3636 qua
723 3570 808 3637 magis
826 3583 897 3620 nova
915 3569 1025 3619 iuventa
1045 3572 1116 3617 esset
1143 3579 1215 3615 mors

119 3635 147 3686 i'u
167 3637 341 3704 voraginibus
372 3646 400 3688 ct
418 3639 543 3691 fluctibus
561 3647 649 3692 terrae
677 3646 703 3691 et
720 3642 799 3691 mauis
819 3641 905 3691 statim
933 3632 1214 3705 deiecissentjliudc

119 3713 216 3757 ventre
238 3709 329 3774 inepto
348 3720 518 3776 proruptum:
538 3711 583 3761 bic
601 3718 688 3761 antem
708 3712 779 3778 quod
797 3725 886 3777 neque
904 3709 1004 3759 invitus
1025 3706 1132 3757 illorum
1151 3720 1215 3772 pra.

119 3777 228 3828 ritatem
251 3787 381 3844 sequutus
401 3789 488 3846 esset,
514 3798 572 3832 cam
591 3782 704 3834 rationis
730 3790 802 3833 esset
828 3782 961 3846 particeps
989 3786 1015 3828 et
1040 3777 1213 3841 educationis,

121 3862 190 3915 quac
216 3849 372 3914 parentibus
397 3865 450 3901 non
484 3854 660 3921 contigisset,
685 3868 774 3919 neque
799 3851 885 3902 nihilo
913 3849 1009 3900 meiius
1040 3848 1216 3915 disposuisset
1283 3866 1294 3887 ·

119 3919 240 3986 quamsi
270 3920 329 3987 quis
366 3919 422 3971 iilis
446 3922 570 3973 similiter
592 3931 759 3990 aegrotaret,
784 3937 873 3990 neque
901 3919 1010 3973 silentio
1029 3926 1100 3970 muto
1119 3918 1215 3969 maium

120 3989 216 4042 iuvere
234 3989 369 4042 voluisset
389 3993 436 4043 sed
454 3992 538 4043 multo
560 3994 742 4046 miserioribus
769 4001 796 4043 et
814 3991 892 4044 valde
910 3990 1105 4058 impudentibus
1125 3989 1216 4040 consi.

120 4060 165 4112 iiis
190 4059 340 4112 voluntatis
370 4063 547 4129 principatum
572 4063 743 4129 prodidisset.
781 4072 808 4114 et
844 4063 940 4115 accidit
965 4061 1024 4127 ilii,
1056 4075 1114 4113 cum
1131 4057 1216 4113 ,malis

10 4133 13 4138 '
122 4131 207 4187 melas
226 4133 388 4185 admisceret
415 4133 520 4186 indoles
545 4140 573 4186 et
588 4138 733 4189 sententies
758 4133 893 4204 uticanis
911 4132 1215 4198 intervallis'pntemam
