3017 4759
308 230 381 307 552
441 300 445 307 .
489 302 493 307 .
608 232 834 305 urwnoat
860 230 1106 351 GltdiGOliiilix

224 466 231 477 ,
308 401 421 478 ἔλαθε,
456 398 532 485 πρίν
562 396 667 462 ὁτιοῦν
695 395 880 463 ἀπόνασθαι
899 397 954 478 τῆς
984 396 1145 479 σπουδῆς,
1175 394 1344 482 φρενίτιδι
1367 392 1426 459 καὶ
1480 455 1481 474 ,

307 507 408 595 μανίᾳ
430 504 572 584 κάτοχος,
596 498 639 577 οἷς
652 497 785 585 εἴρηται,
806 495 941 584 γεγονός
963 496 1018 562 διά
1037 496 1209 582 ξηρότητος
1231 493 1425 578 όπερβολὴν

308 608 496 696 ἐγκεφάλου.
538 602 594 667 καί
616 600 656 666 τά
677 594 749 684 ἑξῆς
771 602 925 686 λεγόντων
954 596 1035 681 άμοῢ
1056 599 1112 663 καί
1131 595 1328 682 γραφόντων
1351 590 1423 659 ἐτέ-

310 731 375 796 ρων
396 706 480 773 ἐστιν
501 702 636 769 ἀκούειν.
680 700 716 765 σά
735 697 798 786 γάρ
821 699 1025 780 ὀνειδίζοντες
1044 699 1236 783 μεμνήμεθα
1257 699 1326 761 τῶν
1349 722 1422 760 τοι-

247 856 277 865 .,
308 811 407 877 οότων
428 808 520 894 ἡμεῖς
540 810 610 872 νῦν·
665 802 759 888 ἴσμεν
790 802 852 889 γάρ
876 800 920 882 οἷς
952 808 1102 887 πονηροῖς
1121 824 1155 864 τε
1187 799 1243 863 καί
1275 797 1446 882 άγαθοῖςδ

307 915 356 977 ἐπ’
382 910 453 995 ἴσης
489 908 595 973 ἔπεισι
616 906 657 971 τά
677 907 799 983 τοιαδί,
836 898 882 982 οἷς
911 903 1006 988 μόνος
1038 895 1105 966 οἶδε
1124 902 1261 985 κρίμασι
1281 897 1420 982 κάρτος·

309 1010 391 1077 άλλά
411 1014 473 1075 τῶν
494 1011 549 1093 τῆς
576 1007 719 1093 ἱστορίας
740 1006 928 1093 ἐγκειμένων
949 1011 1094 1087 νομίμων
1112 1001 1169 1065 καί
1189 1005 1266 1065 καθ’
1291 1001 1419 1065 ἕκαστα

309 1110 482 1197 ζητούντων
506 1094 647 1183 ἅπαντα,
677 1107 815 1191 μετρίως
849 1103 940 1189 ἡμεῖς
972 1105 1028 1168 καί
1056 1105 1118 1166 τῶν
1139 1100 1290 1165 τοιοάτων
1313 1097 1419 1163 άπτό-

238 1216 404 1295 Ημεθα.
448 1206 469 1272 ά
490 1207 683 1292 πλατύτερον
703 1208 808 1291 ἕτεροι
831 1204 982 1283 διεξιέναι
1001 1202 1103 1289 ἥκιστ’
1126 1202 1293 1269 όκνοῦσιν·
1334 1199 1417 1278 1ἀλλ’

306 1312 413 1397 ἐκείνῳ
435 1310 490 1395 τὴν
515 1310 619 1374 αἰτίαν
637 1311 751 1393 σοφοῖς
773 1309 819 1393 τῷ
833 1308 963 1389 δαίμονι
983 1305 1264 1390 παραπέμπουσιν,
1292 1293 1319 1392 ᾧ
1342 1328 1416 1366 πω-
1428 1313 1457 1365 1⁰

305 1414 394 1499 νηρηῖ
415 1410 568 1497 γενομένῳ
594 1406 648 1473 διά
669 1410 854 1493 βουλήσεως
875 1408 1062 1493 μοχθηρίαν
1075 1406 1226 1491 καθάπερ
1247 1431 1296 1481 τις
1318 1408 1417 1491 ἐφεῖ-

304 1538 359 1577 ται
381 1515 497 1597 κλῆρος
519 1511 637 1587 άίδιος,
660 1511 723 1573 τῶν
751 1509 854 1573 ἄλλοτ’
880 1505 983 1584 άλλως
1013 1505 1183 1593 φυομένων
1205 1530 1239 1569 τε
1259 1507 1318 1571 καί
1339 1508 1415 1571 ἐπι-

244 1596 250 1608 ’
307 1613 477 1701 φυομένων
497 1634 530 1675 τε
552 1610 606 1675 καί
628 1610 853 1696 ἐπιφυομένων
885 1608 967 1673 κατά
986 1611 1040 1692 τῆς
1059 1610 1116 1672 τοῦ
1139 1610 1216 1671 θεοῦ
1237 1607 1415 1692 ἐκκλησίας

305 1713 511 1801 ἡγεῖσθαι’·τε
531 1709 687 1795 αἱρέσεων
715 1712 771 1776 καί
807 1710 910 1775 πάντα
933 1711 1015 1794 δράν
1045 1706 1085 1771 τά
1100 1708 1315 1790 χαλεπώτατα
1338 1713 1411 1771 κατ’

305 1815 462 1891 ἐξουσίαν,
484 1812 540 1877 καί
564 1810 630 1894 άμα
653 1813 811 1895 ἐρεθίζειν
831 1810 864 1888 ἐς
883 1835 918 1895 γε
939 1809 985 1875 τό·
998 1811 1144 1874 πλάττειν
1167 1807 1278 1894 άγίους
1299 1808 1412 1894 odd-q·
1424 1821 1453 1872 15

302 1912 418 1998 μερόν,
449 1912 504 1977 καί
533 1913 620 1975 ταῦτ’
652 1912 791 1988 ἐκείνους
829 1910 866 1975 οῖ
887 1907 944 1994 τήν
974 1912 1029 1995 τῆς
1054 1911 1204 1994 λατρείας
1234 1907 1414 1994 ἡγεμονίαν

230 2068 234 2076 .
303 2018 409 2103 ἐκείνῳ
430 2042 464 2081 τε
483 2014 699 2093 ἐκδεδωκασι,
731 2015 787 2081 καί
810 2012 893 2091 άπας
926 2012 1039 2090 αὐτούς
1060 2013 1115 2078 καὶ
1144 2013 1214 2096 βίος
1234 2011 1292 2076 καί
1314 2010 1414 2093 λόγος

302 2118 358 2183 καὶ
381 2122 495 2205 πρᾶξις
525 2120 581 2183 τοῦ
602 2120 666 2181 τοῖν
687 2114 873 2202 όρθοδόξων
903 2112 1004 2177 πάλαι
1026 2112 1183 2199 διέγραψέ
1203 2136 1237 2176 τε
1271 2112 1329 2177 καί
1351 2135 1413 2176 πε-

304 2223 404 2303 ριεῖλε
421 2220 542 2304 χοροῦ,
574 2220 626 2283 ἵνα
649 2215 694 2301 μὴ
723 2214 854 2291 ότιόσοις
883 2216 963 2300 λέγω
995 2213 1051 2279 καί
1071 2211 1127 2299 ὑφ’
1150 2211 1235 2279 ὅσων
1254 2215 1317 2276 τῶν
1342 2238 1412 2277 πα-

302 2321 467 2403 τριαρχῶν
497 2341 530 2381 τε
567 2318 623 2383 καί
653 2315 837 2382 ἐπισκόπων
876 2314 1036 2402 φυομένης
1062 2310 1126 2399 ἤδη
1156 2317 1212 2398 τῆς
1248 2312 1453 2400 αἱρέσεωςλδ

244 2491 249 2497 ,
290 2416 507 2502 ,άναθέμασιν
528 2417 716 2501 ἐμπεσόντες
736 2420 783 2503 τῷ
805 2417 924 2502 αἰωνίῳ
952 2416 1033 2500 πυρί
1054 2413 1351 2501 παρεπέμφθησον.

236 2535 290 2587 45
403 2519 473 2585 Καί
493 2521 591 2584 ταῦτα
612 2520 672 2601 μὲν
690 2520 800 2582 τοῦτον
819 2516 895 2599 ἔσχε
915 2515 970 2581 τόν
990 2516 1129 2602 τρόπον,
1152 2512 1215 2601 ἐγώ
1245 2519 1274 2581 δ’
1305 2516 1412 2581 ἐκεῖνο

179 2623 200 2679 i.
207 2624 259 2681 270
267 2642 292 2679 ε.
301 2618 552 2705 ἐπαναλήψομαι
568 2621 633 2684 νῦν.
656 2618 684 2683 οἱ
704 2617 767 2704 γάρ
787 2615 822 2683 τό
835 2620 866 2683 Γ
865 2617 1072 2701 αλατιόνυμον
1091 2616 1217 2698 ἔχοντες
1234 2616 1410 2705 φροόριον,

371 2795 415 2847 22.
436 2795 510 2861 Quae
528 2794 592 2847 hine
610 2802 768 2865 sequnntur,
786 2812 873 2865 nsque
893 2796 926 2847 ed
944 2796 1022 2848 duem
1040 2792 1120 2846 haias
1140 2793 1250 2858 codicis,
1267 2808 1323 2846 noa
1343 2801 1409 2847 sunt

371 2864 450 2917 huius
469 2865 523 2918 loci
542 2867 591 2919 sed
608 2875 670 2921 ante
688 2867 793 2921 initium
808 2868 872 2921 libri
891 2868 926 2921 ot
944 2864 1030 2937 (aot)
1050 2865 1182 2919 coltocari
1200 2864 1309 2919 debent.
1328 2865 1397 2919 flas.

297 3033 355 3085 hri:
377 3040 404 3084 et
422 3032 561 3102 sequentia
581 3032 614 3084 ab
632 3031 694 3084 niiis
710 3033 859 3086 dicentibus
877 3031 956 3085 simui
976 3040 1003 3084 et
1011 3031 1189 3084 scribentibus
1209 3031 1301 3084 audire
1320 3030 1404 3083 iicetr

297 3104 473 3172 nequeenim
501 3110 527 3154 et
545 3111 715 3156 accusatores
741 3104 805 3155 talia
834 3118 883 3156 nos
909 3120 980 3155 nnnc
998 3104 1183 3155 meminimus:
1213 3104 1312 3155 scimus
1330 3106 1403 3155 enirn

297 3174 373 3227 malis
393 3174 470 3226 simul
492 3175 614 3226 ethonis
636 3176 790 3242 parimodo
810 3175 874 3227 talia
892 3176 1033 3227 immittere
1046 3175 1179 3227 dominnm
1194 3174 1311 3239 indiciis,
1332 3191 1403 3243 quae

296 3247 373 3297 novit
393 3244 476 3296 solus.
514 3246 560 3297 sed
589 3262 622 3297 ex
641 3246 674 3297 iis
692 3263 761 3315 quae
780 3256 841 3298 sunt
866 3248 893 3298 in
913 3246 1026 3298 historia
1043 3247 1114 3297 insta
1140 3254 1166 3298 et
1185 3245 1292 3314 singule
1310 3249 1402 3299 omnia

297 3324 439 3384 quaerunt,
459 3323 485 3367 et
504 3330 553 3368 uos
573 3318 651 3371 etism
679 3319 784 3370 nrodice
806 3333 838 3369 ea
863 3318 1033 3384 attingimus,
1060 3332 1127 3385 quse
1146 3316 1255 3384 longuis
1271 3320 1402 3385 persequi

296 3386 344 3439 aiii
362 3386 470 3437 minime
490 3394 664 3440 cunctantem
691 3390 738 3440 sed
756 3397 849 3456 aperte
870 3390 896 3441 ei
916 3390 1038 3441 daemoni
1064 3388 1168 3456 cui‘parn
1187 3387 1332 3452 ascribunt,
1356 3388 1401 3440 eui

295 3456 365 3509 malo
396 3456 465 3509 iacto
492 3472 541 3524 per
566 3459 711 3511 voluntatis
738 3462 884 3529 nequitiem
912 3460 987 3527 quasi
1006 3474 1064 3511 sors
1092 3460 1219 3527 quaedam
1239 3457 1339 3510 tributa
1359 3470 1402 3511 est

295 3528 463 3598 perniciosa,
487 3529 635 3597 principem
661 3546 720 3582 esse
739 3531 890 3585 haeresium
916 3531 960 3581 hic
981 3529 1038 3581 ilttc
1064 3538 1156 3582 contra
1183 3532 1227 3595 dei
1254 3529 1400 3582 ecclesiam

293 3601 459 3653 nascentium
490 3614 521 3651 ac
546 3603 741 3661 renascentium
761 3611 788 3655 et
815 3604 930 3671 pessima
949 3617 1070 3670 quaeqae
1105 3602 1194 3654 iacere
1222 3615 1270 3669 pro
1293 3600 1399 3653 viribus

294 3674 362 3734 sais,
385 3671 517 3741 simulque
543 3680 646 3725 certare
665 3675 792 3725 continno
819 3683 911 3726 contra
941 3673 1215 3740 repraesentationem
1232 3680 1397 3725 sanctornm.

294 3750 373 3811 atque
401 3741 469 3795 haec
500 3745 605 3812 quidem
634 3743 697 3795 ilios
717 3747 763 3813 qui
790 3745 877 3798 cultas
902 3746 1041 3812 imperium
1067 3745 1091 3796 ei
1119 3744 1285 3796 tradiderunt
1313 3752 1397 3813 atque

295 3814 380 3863 onruis
411 3822 437 3864 et
465 3815 521 3866 vita
545 3824 571 3867 et
595 3816 690 3884 agendi
720 3817 789 3867 ratio
817 3817 849 3868 ab
871 3816 1027 3868 orthodoxis
1053 3816 1207 3867 discernant
1229 3823 1257 3867 et
1274 3830 1291 3865 a
1310 3814 1396 3867 choro

293 3892 453 3951 segregant:
472 3901 507 3937 ne
526 3886 610 3938 dicam
630 3903 645 3938 a
667 3888 801 3955 quatiam
821 3897 851 3939 et
866 3887 1026 3955 patriarchis
1046 3895 1073 3937 et
1092 3888 1395 3955 episcopisquurnnas.

292 3962 398 4006 ceretur
425 3955 560 4021 haeresis,
587 3958 615 4008 in
646 3958 812 4010 anathemata
836 3960 1002 4025 incidentes,
1028 3960 1055 4013 iu
1075 3965 1212 4010 aeternum
1229 3958 1319 4025 ignem
1339 3961 1397 4010 sint

250 4026 260 4044 ⁶
292 4026 409 4079 demissi.
448 4034 527 4094 atque
546 4027 612 4080 haec
631 4030 736 4097 quidem
755 4030 894 4082 hactenus.

395 4124 448 4193 daur
467 4137 533 4193 pero
557 4138 589 4193 eo
605 4124 829 4201 Ιιτιιρο,δοιδὶρονί
847 4133 982 4203 assertam
1016 4126 1062 4198 qui
1081 4124 1235 4199 delatorum
1253 4124 1396 4199 castelium

1246 4278 1260 4319 t
