<?xml version="1.0" encoding="UTF-8"?>
<!DOCTYPE html PUBLIC "-//W3C//DTD XHTML 1.0 Transitional//EN"
    "http://www.w3.org/TR/xhtml1/DTD/xhtml1-transitional.dtd">
<html xmlns="http://www.w3.org/1999/xhtml" xml:lang="en" lang="en">
 <head>
  <title>
</title>
<meta http-equiv="Content-Type" content="text/html;charset=utf-8" />
  <meta name='ocr-system' content='tesseract 3.04.00' />
  <meta name='ocr-capabilities' content='ocr_page ocr_carea ocr_par ocr_line ocrx_word'/>
</head>
<body>
  <div class='ocr_page' id='page_1' title='image "./corpusscriptoru13theogoog/corpusscriptoru13theogoog_0354.png"; bbox 0 0 3017 4759; ppageno 0'>
   <div class='ocr_carea' id='block_1_1' title="bbox 279 129 1086 254">
    <p class='ocr_par' dir='ltr' id='par_1_1' title="bbox 279 129 1086 254">
     <span class='ocr_line' id='line_1_1' title="bbox 279 129 1086 254; baseline -0.009 -2"><span class='ocrx_word' id='word_1_1' title='bbox 279 181 354 254; x_wconf 77' lang='lat' dir='ltr'><strong><em>aaa</em></strong></span> <span class='ocrx_word' id='word_1_2' title='bbox 577 184 800 252; x_wconf 76' lang='lat' dir='ltr'><strong>urcuuonr</strong></span> <span class='ocrx_word' id='word_1_3' title='bbox 833 129 1086 248; x_wconf 71' lang='grc' dir='ltr'><strong><em>οοοοοοιο</em></strong></span> 
     </span>
    </p>
   </div>
   <div class='ocr_carea' id='block_1_2' title="bbox 148 336 1484 2555">
    <p class='ocr_par' dir='ltr' id='par_1_2' title="bbox 209 336 1393 530">
     <span class='ocr_line' id='line_1_2' title="bbox 280 336 1393 433; baseline -0.007 -23"><span class='ocrx_word' id='word_1_4' title='bbox 280 344 444 430; x_wconf 82' lang='grc' dir='ltr'><strong><em>είρωνικόν</em></strong></span> <span class='ocrx_word' id='word_1_5' title='bbox 478 372 549 412; x_wconf 89' lang='grc' dir='ltr'><strong><em>τινα</em></strong></span> <span class='ocrx_word' id='word_1_6' title='bbox 584 336 758 432; x_wconf 84' lang='grc' dir='ltr'><strong><em>σ’φθαλμόν</em></strong></span> <span class='ocrx_word' id='word_1_7' title='bbox 785 343 871 433; x_wconf 78' lang='grc' dir='ltr'><strong><em>αῦτηῦ</em></strong></span> <span class='ocrx_word' id='word_1_8' title='bbox 900 343 1117 426; x_wconf 78' lang='grc' dir='ltr'><strong><em>έπιρρίψοντα</em></strong></span> <span class='ocrx_word' id='word_1_9' title='bbox 1142 339 1244 426; x_wconf 92' lang='grc' dir='ltr'><strong><em>φάναι</em></strong></span> <span class='ocrx_word' id='word_1_10' title='bbox 1266 337 1393 404; x_wconf 80' lang='grc' dir='ltr'><strong><em>τοιαῦτ’.</em></strong></span> 
     </span>
     <span class='ocr_line' id='line_1_3' title="bbox 209 436 1390 530; baseline -0.01 -17"><span class='ocrx_word' id='word_1_11' title='bbox 209 445 359 530; x_wconf 69' lang='grc' dir='ltr'><strong><em>θῑ“έγα“ι</em></strong></span> <span class='ocrx_word' id='word_1_12' title='bbox 380 449 416 511; x_wconf 82' lang='grc' dir='ltr'><strong><em>δέ</em></strong></span> <span class='ocrx_word' id='word_1_13' title='bbox 437 470 473 512; x_wconf 84' lang='grc' dir='ltr'><strong><em>σε</em></strong></span> <span class='ocrx_word' id='word_1_14' title='bbox 494 449 549 530; x_wconf 82' lang='grc' dir='ltr'><strong><em>ιη”ς</em></strong></span> <span class='ocrx_word' id='word_1_15' title='bbox 583 436 727 528; x_wconf 85' lang='grc' dir='ltr'><strong><em>άμαθιάς</em></strong></span> <span class='ocrx_word' id='word_1_16' title='bbox 748 448 804 510; x_wconf 83' lang='grc' dir='ltr'><strong><em>καί</em></strong></span> <span class='ocrx_word' id='word_1_17' title='bbox 823 445 987 518; x_wconf 86' lang='grc' dir='ltr'><strong><em>άναιδείας</em></strong></span> <span class='ocrx_word' id='word_1_18' title='bbox 1017 443 1192 524; x_wconf 78' lang='grc' dir='ltr'><strong><em>οἰκτείρων,</em></strong></span> <span class='ocrx_word' id='word_1_19' title='bbox 1218 437 1390 525; x_wconf 80' lang='grc' dir='ltr'><strong><em>άνθρωπε,</em></strong></span> 
     </span>
    </p>

    <p class='ocr_par' dir='ltr' id='par_1_3' title="bbox 277 541 1414 838">
     <span class='ocr_line' id='line_1_4' title="bbox 277 541 1391 634; baseline -0.004 -22"><span class='ocrx_word' id='word_1_20' title='bbox 277 546 437 629; x_wconf 72' lang='grc' dir='ltr'><strong><em>δοῦλομαι</em></strong></span> <span class='ocrx_word' id='word_1_21' title='bbox 458 551 513 612; x_wconf 82' lang='grc' dir='ltr'><strong><em>κατ’</em></strong></span> <span class='ocrx_word' id='word_1_22' title='bbox 531 553 597 634; x_wconf 84' lang='grc' dir='ltr'><strong><em>νῦν,</em></strong></span> <span class='ocrx_word' id='word_1_23' title='bbox 619 547 723 614; x_wconf 86' lang='grc' dir='ltr'><strong><em>ῦπόσα</em></strong></span> <span class='ocrx_word' id='word_1_24' title='bbox 743 548 800 633; x_wconf 79' lang='grc' dir='ltr'><strong><em>την</em></strong></span> <span class='ocrx_word' id='word_1_25' title='bbox 821 552 876 631; x_wconf 78' lang='grc' dir='ltr'><strong><em>τῆς</em></strong></span> <span class='ocrx_word' id='word_1_26' title='bbox 910 551 1027 634; x_wconf 90' lang='grc' dir='ltr'><strong><em>σοφίας</em></strong></span> <span class='ocrx_word' id='word_1_27' title='bbox 1047 541 1159 633; x_wconf 77' lang='grc' dir='ltr'><strong><em>φωνην</em></strong></span> <span class='ocrx_word' id='word_1_28' title='bbox 1180 547 1306 627; x_wconf 80' lang='grc' dir='ltr'><strong><em>διαιρεῖ</em></strong></span> <span class='ocrx_word' id='word_1_29' title='bbox 1321 569 1391 627; x_wconf 91' lang='grc' dir='ltr'><strong><em>ση-</em></strong></span> 
     </span>
     <span class='ocr_line' id='line_1_5' title="bbox 277 646 1389 736; baseline -0.001 -25"><span class='ocrx_word' id='word_1_30' title='bbox 277 646 467 728; x_wconf 75' lang='grc' dir='ltr'><strong><em>μαινόμενα,</em></strong></span> <span class='ocrx_word' id='word_1_31' title='bbox 488 653 620 736; x_wconf 85' lang='grc' dir='ltr'><strong><em>πρσθείς</em></strong></span> <span class='ocrx_word' id='word_1_32' title='bbox 642 650 721 715; x_wconf 89' lang='grc' dir='ltr'><strong><em>κατά</em></strong></span> <span class='ocrx_word' id='word_1_33' title='bbox 743 648 818 725; x_wconf 86' lang='grc' dir='ltr'><strong><em>τοῦς</em></strong></span> <span class='ocrx_word' id='word_1_34' title='bbox 840 653 896 734; x_wconf 77' lang='grc' dir='ltr'><strong><em>τῆς</em></strong></span> <span class='ocrx_word' id='word_1_35' title='bbox 912 651 1085 734; x_wconf 72' lang='grc' dir='ltr'><em>ἐπιστήμης</em></span> <span class='ocrx_word' id='word_1_36' title='bbox 1105 648 1234 726; x_wconf 77' lang='grc' dir='ltr'><strong><em>διδάξαι</em></strong></span> <span class='ocrx_word' id='word_1_37' title='bbox 1255 647 1389 729; x_wconf 88' lang='grc' dir='ltr'><strong><em>λόγους,</em></strong></span> 
     </span>
     <span class='ocr_line' id='line_1_6' title="bbox 279 742 1414 838; baseline -0.004 -26"><span class='ocrx_word' id='word_1_38' title='bbox 279 747 323 826; x_wconf 85' lang='grc' dir='ltr'><strong><em>οῦς</em></strong></span> <span class='ocrx_word' id='word_1_39' title='bbox 343 742 384 812; x_wconf 89' lang='grc' dir='ltr'><strong><em>άν</em></strong></span> <span class='ocrx_word' id='word_1_40' title='bbox 403 747 511 838; x_wconf 88' lang='grc' dir='ltr'><strong><em>μάθης</em></strong></span> <span class='ocrx_word' id='word_1_41' title='bbox 531 754 682 816; x_wconf 86' lang='grc' dir='ltr'><strong><em>έντεῦθεν</em></strong></span> <span class='ocrx_word' id='word_1_42' title='bbox 712 753 759 826; x_wconf 88' lang='grc' dir='ltr'><strong><em>είς</em></strong></span> <span class='ocrx_word' id='word_1_43' title='bbox 791 745 865 816; x_wconf 82' lang='grc' dir='ltr'><strong><em>ὅσον</em></strong></span> <span class='ocrx_word' id='word_1_44' title='bbox 895 746 1021 814; x_wconf 84' lang='grc' dir='ltr'><strong><em>ἐλαόνει</em></strong></span> <span class='ocrx_word' id='word_1_45' title='bbox 1049 754 1161 824; x_wconf 89' lang='grc' dir='ltr'><strong><em>κακιάς</em></strong></span> <span class='ocrx_word' id='word_1_46' title='bbox 1182 752 1414 830; x_wconf 82' lang='grc' dir='ltr'><strong><em>βωμολοχεΐν5</em></strong></span> 
     </span>
    </p>

    <p class='ocr_par' dir='ltr' id='par_1_4' title="bbox 148 843 1484 1644">
     <span class='ocr_line' id='line_1_7' title="bbox 148 843 1439 936; baseline -0.002 -22"><span class='ocrx_word' id='word_1_47' title='bbox 148 910 153 921; x_wconf 71' lang='grc'><strong><em>,</em></strong></span> <span class='ocrx_word' id='word_1_48' title='bbox 203 889 207 894; x_wconf 88' lang='lat'>-</span> <span class='ocrx_word' id='word_1_49' title='bbox 279 851 335 914; x_wconf 84' lang='grc' dir='ltr'><strong><em>καί</em></strong></span> <span class='ocrx_word' id='word_1_50' title='bbox 363 850 548 931; x_wconf 78' lang='grc' dir='ltr'><strong><em>διαβάλλειν</em></strong></span> <span class='ocrx_word' id='word_1_51' title='bbox 581 853 716 936; x_wconf 86' lang='grc' dir='ltr'><strong><em>α’ναίδην</em></strong></span> <span class='ocrx_word' id='word_1_52' title='bbox 742 851 799 928; x_wconf 88' lang='grc' dir='ltr'><strong><em>τάς</em></strong></span> <span class='ocrx_word' id='word_1_53' title='bbox 829 855 921 929; x_wconf 83' lang='grc' dir='ltr'><strong><em>θείας</em></strong></span> <span class='ocrx_word' id='word_1_54' title='bbox 952 843 1093 936; x_wconf 90' lang='grc' dir='ltr'><strong><em>γραφάς.</em></strong></span> <span class='ocrx_word' id='word_1_55' title='bbox 1148 849 1389 933; x_wconf 66' lang='grc' dir='ltr'><strong><em>ἀκολουθητέον</em></strong></span> <span class='ocrx_word' id='word_1_56' title='bbox 1434 926 1439 934; x_wconf 35' lang='grc' dir='ltr'>Ι</span> 
     </span>
     <span class='ocr_line' id='line_1_8' title="bbox 280 944 1387 1041; baseline -0.003 -26"><span class='ocrx_word' id='word_1_57' title='bbox 280 944 339 1016; x_wconf 82' lang='grc' dir='ltr'><strong><em>οῦν</em></strong></span> <span class='ocrx_word' id='word_1_58' title='bbox 362 951 437 1035; x_wconf 77' lang='grc' dir='ltr'><strong><em>ἡμῖν</em></strong></span> <span class='ocrx_word' id='word_1_59' title='bbox 459 953 529 1017; x_wconf 75' lang='grc' dir='ltr'><strong><em>ἐστι’</em></strong></span> <span class='ocrx_word' id='word_1_60' title='bbox 547 957 585 1041; x_wconf 79' lang='grc' dir='ltr'><strong><em>τῇ</em></strong></span> <span class='ocrx_word' id='word_1_61' title='bbox 603 960 666 1018; x_wconf 80' lang='grc' dir='ltr'><strong><em>τάν</em></strong></span> <span class='ocrx_word' id='word_1_62' title='bbox 688 956 787 1017; x_wconf 86' lang='grc' dir='ltr'><strong><em>θείων</em></strong></span> <span class='ocrx_word' id='word_1_63' title='bbox 816 957 959 1038; x_wconf 86' lang='grc' dir='ltr'><strong><em>πατέρων</em></strong></span> <span class='ocrx_word' id='word_1_64' title='bbox 988 945 1157 1016; x_wconf 89' lang='grc' dir='ltr'><strong><em>κάνταῦθα</em></strong></span> <span class='ocrx_word' id='word_1_65' title='bbox 1179 951 1387 1037; x_wconf 68' lang='grc' dir='ltr'><strong><em>διδασκαλίᾳ.</em></strong></span> 
     </span>
     <span class='ocr_line' id='line_1_9' title="bbox 280 1043 1455 1138; baseline -0.005 -21"><span class='ocrx_word' id='word_1_66' title='bbox 280 1060 398 1117; x_wconf 80' lang='grc' dir='ltr'><strong><em>νοεῖται</em></strong></span> <span class='ocrx_word' id='word_1_67' title='bbox 418 1056 478 1135; x_wconf 81' lang='grc' dir='ltr'><strong><em>μέν</em></strong></span> <span class='ocrx_word' id='word_1_68' title='bbox 489 1051 551 1137; x_wconf 89' lang='grc' dir='ltr'><strong><em>γάρ</em></strong></span> <span class='ocrx_word' id='word_1_69' title='bbox 570 1053 590 1137; x_wconf 75' lang='grc' dir='ltr'><em>ἦ</em></span> <span class='ocrx_word' id='word_1_70' title='bbox 614 1056 714 1138; x_wconf 85' lang='grc' dir='ltr'><strong><em>σοφία</em></strong></span> <span class='ocrx_word' id='word_1_71' title='bbox 737 1057 835 1136; x_wconf 86' lang='grc' dir='ltr'><strong><em>διχοῦς</em></strong></span> <span class='ocrx_word' id='word_1_72' title='bbox 858 1051 938 1118; x_wconf 87' lang='grc' dir='ltr'><strong><em>κατά</em></strong></span> <span class='ocrx_word' id='word_1_73' title='bbox 961 1049 996 1116; x_wconf 88' lang='grc' dir='ltr'><strong><em>τό</em></strong></span> <span class='ocrx_word' id='word_1_74' title='bbox 1020 1049 1142 1116; x_wconf 87' lang='grc' dir='ltr'><strong><em>κτιστόν</em></strong></span> <span class='ocrx_word' id='word_1_75' title='bbox 1158 1050 1212 1116; x_wconf 88' lang='grc' dir='ltr'><strong><em>καί</em></strong></span> <span class='ocrx_word' id='word_1_76' title='bbox 1229 1049 1265 1114; x_wconf 88' lang='grc' dir='ltr'><strong><em>τό</em></strong></span> <span class='ocrx_word' id='word_1_77' title='bbox 1293 1043 1390 1114; x_wconf 84' lang='grc' dir='ltr'><strong><em>άκτι-</em></strong></span> <span class='ocrx_word' id='word_1_78' title='bbox 1452 1097 1455 1104; x_wconf 79' lang='lat'><em>,</em></span> 
     </span>
     <span class='ocr_line' id='line_1_10' title="bbox 279 1150 1390 1241; baseline -0.005 -23"><span class='ocrx_word' id='word_1_79' title='bbox 279 1177 362 1220; x_wconf 86' lang='grc' dir='ltr'><strong><em>στον.</em></strong></span> <span class='ocrx_word' id='word_1_80' title='bbox 405 1153 460 1219; x_wconf 86' lang='grc' dir='ltr'><strong><em>καί</em></strong></span> <span class='ocrx_word' id='word_1_81' title='bbox 479 1153 588 1240; x_wconf 77' lang='grc' dir='ltr'><strong><em>κτιστὴ</em></strong></span> <span class='ocrx_word' id='word_1_82' title='bbox 612 1156 671 1236; x_wconf 79' lang='grc' dir='ltr'><strong><em>μέν</em></strong></span> <span class='ocrx_word' id='word_1_83' title='bbox 699 1161 821 1240; x_wconf 80' lang='grc' dir='ltr'><strong><em>λέγεται</em></strong></span> <span class='ocrx_word' id='word_1_84' title='bbox 853 1159 952 1241; x_wconf 91' lang='grc' dir='ltr'><strong><em>σοφία</em></strong></span> <span class='ocrx_word' id='word_1_85' title='bbox 977 1151 1051 1238; x_wconf 78' lang='grc' dir='ltr'><strong><em>ἥτε</em></strong></span> <span class='ocrx_word' id='word_1_86' title='bbox 1081 1150 1282 1236; x_wconf 83' lang='grc' dir='ltr'><strong><em>ἔντεθειμένη</em></strong></span> <span class='ocrx_word' id='word_1_87' title='bbox 1303 1151 1390 1235; x_wconf 88' lang='grc' dir='ltr'><strong><em>πρός</em></strong></span> 
     </span>
     <span class='ocr_line' id='line_1_11' title="bbox 280 1247 1430 1343; baseline 0 -25"><span class='ocrx_word' id='word_1_88' title='bbox 280 1258 360 1318; x_wconf 88' lang='grc' dir='ltr'><strong><em>θεοῦ</em></strong></span> <span class='ocrx_word' id='word_1_89' title='bbox 379 1261 435 1320; x_wconf 87' lang='grc' dir='ltr'><strong><em>καί</em></strong></span> <span class='ocrx_word' id='word_1_90' title='bbox 452 1259 754 1343; x_wconf 84' lang='grc' dir='ltr'><strong><em>σαναπειργασμένη</em></strong></span> <span class='ocrx_word' id='word_1_91' title='bbox 781 1265 846 1333; x_wconf 82' lang='grc' dir='ltr'><strong><em>τοϊς</em></strong></span> <span class='ocrx_word' id='word_1_92' title='bbox 867 1261 1046 1337; x_wconf 88' lang='grc' dir='ltr'><strong><em>κτίσμασιν,</em></strong></span> <span class='ocrx_word' id='word_1_93' title='bbox 1067 1256 1119 1318; x_wconf 74' lang='grc' dir='ltr'><strong><em>ἵνα</em></strong></span> <span class='ocrx_word' id='word_1_94' title='bbox 1142 1250 1227 1339; x_wconf 89' lang='grc' dir='ltr'><strong><em>σοφά</em></strong></span> <span class='ocrx_word' id='word_1_95' title='bbox 1244 1277 1279 1316; x_wconf 89' lang='grc' dir='ltr'><strong><em>τε</em></strong></span> <span class='ocrx_word' id='word_1_96' title='bbox 1303 1247 1387 1316; x_wconf 85' lang='grc' dir='ltr'><strong><em>κατά</em></strong></span> <span class='ocrx_word' id='word_1_97' title='bbox 1401 1265 1430 1318; x_wconf 82' lang='lat' dir='ltr'><strong><em>tu</em></strong></span> 
     </span>
     <span class='ocr_line' id='line_1_12' title="bbox 280 1350 1390 1445; baseline -0.005 -25"><span class='ocrx_word' id='word_1_98' title='bbox 280 1354 334 1421; x_wconf 89' lang='grc' dir='ltr'><strong><em>τόν</em></strong></span> <span class='ocrx_word' id='word_1_99' title='bbox 361 1361 462 1440; x_wconf 73' lang='grc' dir='ltr'><strong><em>μέγαν</em></strong></span> <span class='ocrx_word' id='word_1_100' title='bbox 488 1357 685 1425; x_wconf 80' lang='grc' dir='ltr'><strong><em>Ἀθανάσιον</em></strong></span> <span class='ocrx_word' id='word_1_101' title='bbox 707 1362 858 1445; x_wconf 89' lang='grc' dir='ltr'><strong><em>φαίνηται</em></strong></span> <span class='ocrx_word' id='word_1_102' title='bbox 888 1361 979 1422; x_wconf 85' lang='grc' dir='ltr'><strong><em>πάσι·</em></strong></span> <span class='ocrx_word' id='word_1_103' title='bbox 997 1359 1051 1421; x_wconf 86' lang='grc' dir='ltr'><strong><em>καί</em></strong></span> <span class='ocrx_word' id='word_1_104' title='bbox 1072 1350 1140 1436; x_wconf 78' lang='grc' dir='ltr'><strong><em>ἅμα</em></strong></span> <span class='ocrx_word' id='word_1_105' title='bbox 1166 1355 1224 1417; x_wconf 91' lang='grc' dir='ltr'><strong><em>τοῦ</em></strong></span> <span class='ocrx_word' id='word_1_106' title='bbox 1247 1377 1390 1436; x_wconf 85' lang='grc' dir='ltr'><strong><em>πεποιη-</em></strong></span> 
     </span>
     <span class='ocr_line' id='line_1_13' title="bbox 280 1443 1484 1547; baseline -0.004 -26"><span class='ocrx_word' id='word_1_107' title='bbox 280 1455 369 1534; x_wconf 82' lang='grc' dir='ltr'><strong><em>κότος</em></strong></span> <span class='ocrx_word' id='word_1_108' title='bbox 392 1455 477 1547; x_wconf 78' lang='grc' dir='ltr'><strong><em>άξια.</em></strong></span> <span class='ocrx_word' id='word_1_109' title='bbox 521 1461 594 1524; x_wconf 89' lang='grc' dir='ltr'><strong><em>καθ’</em></strong></span> <span class='ocrx_word' id='word_1_110' title='bbox 617 1458 636 1522; x_wconf 85' lang='grc' dir='ltr'><strong><em>ό</em></strong></span> <span class='ocrx_word' id='word_1_111' title='bbox 658 1461 890 1544; x_wconf 82' lang='grc' dir='ltr'><strong><em>σημαινόμενον</em></strong></span> <span class='ocrx_word' id='word_1_112' title='bbox 919 1461 974 1522; x_wconf 87' lang='grc' dir='ltr'><strong><em>καί</em></strong></span> <span class='ocrx_word' id='word_1_113' title='bbox 993 1458 1101 1538; x_wconf 83' lang='grc' dir='ltr'><strong><em>Δαβίδ</em></strong></span> <span class='ocrx_word' id='word_1_114' title='bbox 1129 1455 1202 1530; x_wconf 85' lang='grc' dir='ltr'><strong><em>τοῦς</em></strong></span> <span class='ocrx_word' id='word_1_115' title='bbox 1221 1478 1256 1518; x_wconf 84' lang='grc' dir='ltr'><strong><em>τε</em></strong></span> <span class='ocrx_word' id='word_1_116' title='bbox 1280 1453 1391 1535; x_wconf 85' lang='grc' dir='ltr'><strong><em>ου’ρα-</em></strong></span> <span class='ocrx_word' id='word_1_117' title='bbox 1483 1443 1484 1460; x_wconf 45' lang='lat'>¹</span> 
     </span>
     <span class='ocr_line' id='line_1_14' title="bbox 280 1551 1390 1644; baseline -0.004 -22"><span class='ocrx_word' id='word_1_118' title='bbox 280 1558 356 1634; x_wconf 87' lang='grc' dir='ltr'><strong><em>νοός</em></strong></span> <span class='ocrx_word' id='word_1_119' title='bbox 382 1557 529 1642; x_wconf 16' lang='grc' dir='ltr'><strong><em>τὴνγτοῦ</em></strong></span> <span class='ocrx_word' id='word_1_120' title='bbox 549 1564 630 1626; x_wconf 87' lang='grc' dir='ltr'><strong><em>θεοῦ</em></strong></span> <span class='ocrx_word' id='word_1_121' title='bbox 649 1564 832 1644; x_wconf 79' lang='grc' dir='ltr'><strong><em>διηγεῖσθαι</em></strong></span> <span class='ocrx_word' id='word_1_122' title='bbox 866 1551 962 1638; x_wconf 83' lang='grc' dir='ltr'><strong><em>δόξαν</em></strong></span> <span class='ocrx_word' id='word_1_123' title='bbox 992 1559 1089 1642; x_wconf 87' lang='grc' dir='ltr'><strong><em>φησίν</em></strong></span> <span class='ocrx_word' id='word_1_124' title='bbox 1119 1553 1287 1638; x_wconf 79' lang='grc' dir='ltr'><strong><em>άλαλητοις</em></strong></span> <span class='ocrx_word' id='word_1_125' title='bbox 1312 1579 1390 1640; x_wconf 91' lang='grc' dir='ltr'><strong><em>φοο-</em></strong></span> 
     </span>
    </p>

    <p class='ocr_par' dir='ltr' id='par_1_5' title="bbox 212 1651 1388 1746">
     <span class='ocr_line' id='line_1_15' title="bbox 212 1651 1388 1746; baseline -0.004 -23"><span class='ocrx_word' id='word_1_126' title='bbox 212 1667 369 1740; x_wconf 61' lang='grc' dir='ltr'><strong><em>φθναϊς,</em></strong></span> <span class='ocrx_word' id='word_1_127' title='bbox 399 1660 453 1725; x_wconf 86' lang='grc' dir='ltr'><strong><em>καί</em></strong></span> <span class='ocrx_word' id='word_1_128' title='bbox 484 1657 553 1742; x_wconf 81' lang='grc' dir='ltr'><strong><em>ἅμα</em></strong></span> <span class='ocrx_word' id='word_1_129' title='bbox 583 1665 688 1726; x_wconf 86' lang='grc' dir='ltr'><strong><em>πάσαν</em></strong></span> <span class='ocrx_word' id='word_1_130' title='bbox 722 1663 930 1746; x_wconf 73' lang='grc' dir='ltr'><strong><em>προτρέπεται</em></strong></span> <span class='ocrx_word' id='word_1_131' title='bbox 962 1661 1060 1723; x_wconf 91' lang='grc' dir='ltr'><strong><em>κτίσιν</em></strong></span> <span class='ocrx_word' id='word_1_132' title='bbox 1088 1657 1133 1732; x_wconf 81' lang='grc' dir='ltr'><strong><em>εἰς</em></strong></span> <span class='ocrx_word' id='word_1_133' title='bbox 1161 1651 1261 1736; x_wconf 83' lang='grc' dir='ltr'><strong><em>ῦμνον</em></strong></span> <span class='ocrx_word' id='word_1_134' title='bbox 1292 1658 1388 1741; x_wconf 78' lang='grc' dir='ltr'><strong><em>θεοῦ,</em></strong></span> 
     </span>
    </p>

    <p class='ocr_par' dir='ltr' id='par_1_6' title="bbox 278 1754 1427 1845">
     <span class='ocr_line' id='line_1_16' title="bbox 278 1754 1427 1845; baseline -0.001 -21"><span class='ocrx_word' id='word_1_135' title='bbox 278 1754 335 1844; x_wconf 84' lang='grc' dir='ltr'><strong><em>ῦση</em></strong></span> <span class='ocrx_word' id='word_1_136' title='bbox 358 1764 422 1824; x_wconf 79' lang='grc' dir='ltr'><strong><em>τοῦν</em></strong></span> <span class='ocrx_word' id='word_1_137' title='bbox 443 1758 602 1844; x_wconf 80' lang='grc' dir='ltr'><strong><em>έμψόχων</em></strong></span> <span class='ocrx_word' id='word_1_138' title='bbox 625 1785 658 1825; x_wconf 88' lang='grc' dir='ltr'><strong><em>τε</em></strong></span> <span class='ocrx_word' id='word_1_139' title='bbox 679 1762 735 1825; x_wconf 87' lang='grc' dir='ltr'><strong><em>καί</em></strong></span> <span class='ocrx_word' id='word_1_140' title='bbox 752 1763 821 1845; x_wconf 81' lang='grc' dir='ltr'><strong><em>μη,</em></strong></span> <span class='ocrx_word' id='word_1_141' title='bbox 851 1762 907 1825; x_wconf 89' lang='grc' dir='ltr'><strong><em>καί</em></strong></span> <span class='ocrx_word' id='word_1_142' title='bbox 939 1755 998 1844; x_wconf 85' lang='grc' dir='ltr'><strong><em>όοη</em></strong></span> <span class='ocrx_word' id='word_1_143' title='bbox 1028 1761 1090 1822; x_wconf 78' lang='grc' dir='ltr'><strong><em>τοῦν</em></strong></span> <span class='ocrx_word' id='word_1_144' title='bbox 1112 1760 1307 1842; x_wconf 80' lang='grc' dir='ltr'><strong><em>αἰσθητικῶν</em></strong></span> <span class='ocrx_word' id='word_1_145' title='bbox 1331 1756 1390 1822; x_wconf 84' lang='grc' dir='ltr'><strong><em>καί</em></strong></span> <span class='ocrx_word' id='word_1_146' title='bbox 1399 1771 1427 1823; x_wconf 84' lang='grc'><strong><em>15</em></strong></span> 
     </span>
    </p>

    <p class='ocr_par' dir='ltr' id='par_1_7' title="bbox 174 1855 1484 2555">
     <span class='ocr_line' id='line_1_17' title="bbox 174 1855 1388 1944; baseline -0.004 -21"><span class='ocrx_word' id='word_1_147' title='bbox 174 1925 178 1936; x_wconf 74' lang='grc'><strong><em>,</em></strong></span> <span class='ocrx_word' id='word_1_148' title='bbox 276 1858 334 1944; x_wconf 79' lang='grc' dir='ltr'><strong><em>μη.</em></strong></span> <span class='ocrx_word' id='word_1_149' title='bbox 377 1859 431 1924; x_wconf 87' lang='grc' dir='ltr'><strong><em>καί</em></strong></span> <span class='ocrx_word' id='word_1_150' title='bbox 452 1859 498 1925; x_wconf 86' lang='grc' dir='ltr'><strong><em>ἔτι</em></strong></span> <span class='ocrx_word' id='word_1_151' title='bbox 522 1858 541 1944; x_wconf 76' lang='grc' dir='ltr'><em>ἢ</em></span> <span class='ocrx_word' id='word_1_152' title='bbox 565 1870 627 1937; x_wconf 78' lang='grc' dir='ltr'><strong><em>τοῖς</em></strong></span> <span class='ocrx_word' id='word_1_153' title='bbox 653 1863 892 1941; x_wconf 76' lang='grc' dir='ltr'><strong><em>διδασκομένοις</em></strong></span> <span class='ocrx_word' id='word_1_154' title='bbox 923 1864 1072 1942; x_wconf 80' lang='grc' dir='ltr'><strong><em>ἐντέχνως</em></strong></span> <span class='ocrx_word' id='word_1_155' title='bbox 1094 1855 1388 1939; x_wconf 81' lang='grc' dir='ltr'><strong><em>ε’κπροῦπαρχσό-</em></strong></span> 
     </span>
     <span class='ocr_line' id='line_1_18' title="bbox 279 1955 1387 2050; baseline -0.004 -26"><span class='ocrx_word' id='word_1_156' title='bbox 279 1985 336 2047; x_wconf 89' lang='grc' dir='ltr'><strong><em>σης</em></strong></span> <span class='ocrx_word' id='word_1_157' title='bbox 355 1963 476 2044; x_wconf 86' lang='grc' dir='ltr'><strong><em>γίνεται</em></strong></span> <span class='ocrx_word' id='word_1_158' title='bbox 498 1958 652 2041; x_wconf 86' lang='grc' dir='ltr'><strong><em>γνοάσεως.</em></strong></span> <span class='ocrx_word' id='word_1_159' title='bbox 705 1966 739 2028; x_wconf 83' lang='grc' dir='ltr'><strong><em>έν</em></strong></span> <span class='ocrx_word' id='word_1_160' title='bbox 770 1955 791 2050; x_wconf 81' lang='grc' dir='ltr'><strong><em>ᾖ</em></strong></span> <span class='ocrx_word' id='word_1_161' title='bbox 814 1965 849 2026; x_wconf 86' lang='grc' dir='ltr'><strong><em>τὸ</em></strong></span> <span class='ocrx_word' id='word_1_162' title='bbox 882 1964 1000 2026; x_wconf 83' lang='grc' dir='ltr'><strong><em>εἰδέναι</em></strong></span> <span class='ocrx_word' id='word_1_163' title='bbox 1036 1960 1090 2024; x_wconf 89' lang='grc' dir='ltr'><strong><em>καί</em></strong></span> <span class='ocrx_word' id='word_1_164' title='bbox 1117 1959 1151 2024; x_wconf 89' lang='grc' dir='ltr'><strong><em>τό</em></strong></span> <span class='ocrx_word' id='word_1_165' title='bbox 1186 1961 1387 2024; x_wconf 80' lang='grc' dir='ltr'><strong><em>ἐπίστασθαι</em></strong></span> 
     </span>
     <span class='ocr_line' id='line_1_19' title="bbox 280 2055 1447 2148; baseline -0.002 -22"><span class='ocrx_word' id='word_1_166' title='bbox 280 2059 422 2145; x_wconf 79' lang='grc' dir='ltr'><strong><em>ἔχοντας,</em></strong></span> <span class='ocrx_word' id='word_1_167' title='bbox 445 2060 607 2137; x_wconf 85' lang='grc' dir='ltr'><strong><em>δεκτικοάς</em></strong></span> <span class='ocrx_word' id='word_1_168' title='bbox 622 2066 676 2147; x_wconf 75' lang='grc' dir='ltr'><strong><em>τῆς</em></strong></span> <span class='ocrx_word' id='word_1_169' title='bbox 700 2065 899 2148; x_wconf 76' lang='grc' dir='ltr'><strong><em>δημιουργοῦ</em></strong></span> <span class='ocrx_word' id='word_1_170' title='bbox 921 2065 984 2127; x_wconf 70' lang='grc' dir='ltr'><strong><em>τοῦτο</em></strong></span> <span class='ocrx_word' id='word_1_171' title='bbox 1007 2059 1089 2126; x_wconf 87' lang='grc' dir='ltr'><strong><em>όλων</em></strong></span> <span class='ocrx_word' id='word_1_172' title='bbox 1105 2064 1222 2145; x_wconf 83' lang='grc' dir='ltr'><strong><em>σοφίας</em></strong></span> <span class='ocrx_word' id='word_1_173' title='bbox 1245 2059 1331 2142; x_wconf 72' lang='grc' dir='ltr'><strong><em>ἡμᾶς</em></strong></span> <span class='ocrx_word' id='word_1_174' title='bbox 1352 2055 1387 2124; x_wconf 80' lang='grc' dir='ltr'><strong><em>οἱ</em></strong></span> <span class='ocrx_word' id='word_1_175' title='bbox 1444 2136 1447 2140; x_wconf 32' lang='grc'><strong><em>,</em></strong></span> 
     </span>
     <span class='ocr_line' id='line_1_20' title="bbox 282 2151 1484 2249; baseline -0.005 -21"><span class='ocrx_word' id='word_1_176' title='bbox 282 2168 365 2228; x_wconf 79' lang='grc' dir='ltr'><strong><em>θεῖοι</em></strong></span> <span class='ocrx_word' id='word_1_177' title='bbox 388 2167 519 2248; x_wconf 81' lang='grc' dir='ltr'><strong><em>πατέρες</em></strong></span> <span class='ocrx_word' id='word_1_178' title='bbox 538 2159 699 2249; x_wconf 76' lang='grc' dir='ltr'><strong><em>φάσκουσι</em></strong></span> <span class='ocrx_word' id='word_1_179' title='bbox 713 2163 856 2248; x_wconf 89' lang='grc' dir='ltr'><strong><em>γίνεσθαι</em></strong></span> <span class='ocrx_word' id='word_1_180' title='bbox 879 2161 934 2229; x_wconf 87' lang='grc' dir='ltr'><strong><em>τόν</em></strong></span> <span class='ocrx_word' id='word_1_181' title='bbox 956 2159 1100 2238; x_wconf 74' lang='grc' dir='ltr'><strong><em>ἑκάστοις</em></strong></span> <span class='ocrx_word' id='word_1_182' title='bbox 1124 2161 1229 2226; x_wconf 79' lang='grc' dir='ltr'><strong><em>ἐνόντα</em></strong></span> <span class='ocrx_word' id='word_1_183' title='bbox 1248 2161 1383 2243; x_wconf 90' lang='grc' dir='ltr'><strong><em>τρόπον.</em></strong></span> <span class='ocrx_word' id='word_1_184' title='bbox 1483 2151 1484 2184; x_wconf 70' lang='lat'>³</span> 
     </span>
     <span class='ocr_line' id='line_1_21' title="bbox 282 2251 1427 2350; baseline 0 -24"><span class='ocrx_word' id='word_1_185' title='bbox 282 2263 338 2327; x_wconf 86' lang='grc' dir='ltr'><strong><em>καί</em></strong></span> <span class='ocrx_word' id='word_1_186' title='bbox 355 2261 390 2327; x_wconf 90' lang='grc' dir='ltr'><strong><em>τό</em></strong></span> <span class='ocrx_word' id='word_1_187' title='bbox 415 2263 555 2344; x_wconf 84' lang='grc' dir='ltr'><strong><em>γνωστόν</em></strong></span> <span class='ocrx_word' id='word_1_188' title='bbox 578 2267 633 2328; x_wconf 87' lang='grc' dir='ltr'><strong><em>τοῦ</em></strong></span> <span class='ocrx_word' id='word_1_189' title='bbox 655 2265 736 2328; x_wconf 86' lang='grc' dir='ltr'><strong><em>θεοῦ</em></strong></span> <span class='ocrx_word' id='word_1_190' title='bbox 756 2264 895 2350; x_wconf 87' lang='grc' dir='ltr'><strong><em>φανερόν</em></strong></span> <span class='ocrx_word' id='word_1_191' title='bbox 912 2260 964 2328; x_wconf 87' lang='grc' dir='ltr'><strong><em>διά</em></strong></span> <span class='ocrx_word' id='word_1_192' title='bbox 986 2266 1048 2327; x_wconf 88' lang='grc' dir='ltr'><strong><em>τιῦν</em></strong></span> <span class='ocrx_word' id='word_1_193' title='bbox 1072 2256 1261 2343; x_wconf 88' lang='grc' dir='ltr'><strong><em>κτισμάτων.</em></strong></span> <span class='ocrx_word' id='word_1_194' title='bbox 1286 2251 1427 2326; x_wconf 55' lang='lat' dir='ltr'><strong>dart-20</strong></span> 
     </span>
     <span class='ocr_line' id='line_1_22' title="bbox 281 2351 1383 2450; baseline -0.004 -22"><span class='ocrx_word' id='word_1_195' title='bbox 281 2387 354 2440; x_wconf 88' lang='grc' dir='ltr'><strong><em>στος</em></strong></span> <span class='ocrx_word' id='word_1_196' title='bbox 378 2366 413 2428; x_wconf 81' lang='lat' dir='ltr'><strong><em>dd</em></strong></span> <span class='ocrx_word' id='word_1_197' title='bbox 435 2368 535 2450; x_wconf 85' lang='grc' dir='ltr'><strong><em>σοφία</em></strong></span> <span class='ocrx_word' id='word_1_198' title='bbox 553 2363 570 2426; x_wconf 86' lang='grc' dir='ltr'><strong><em>ό</em></strong></span> <span class='ocrx_word' id='word_1_199' title='bbox 593 2361 663 2440; x_wconf 82' lang='grc' dir='ltr'><strong><em>υἱός</em></strong></span> <span class='ocrx_word' id='word_1_200' title='bbox 686 2367 740 2429; x_wconf 87' lang='grc' dir='ltr'><strong><em>καί</em></strong></span> <span class='ocrx_word' id='word_1_201' title='bbox 754 2364 845 2448; x_wconf 91' lang='grc' dir='ltr'><strong><em>λόγος</em></strong></span> <span class='ocrx_word' id='word_1_202' title='bbox 865 2367 923 2429; x_wconf 90' lang='grc' dir='ltr'><strong><em>τοῦ</em></strong></span> <span class='ocrx_word' id='word_1_203' title='bbox 938 2365 1028 2444; x_wconf 86' lang='grc' dir='ltr'><strong><em>θεοῦ,</em></strong></span> <span class='ocrx_word' id='word_1_204' title='bbox 1053 2364 1095 2425; x_wconf 87' lang='grc' dir='ltr'><strong><em>δι’</em></strong></span> <span class='ocrx_word' id='word_1_205' title='bbox 1114 2354 1152 2444; x_wconf 78' lang='grc' dir='ltr'><strong><em>ἧς</em></strong></span> <span class='ocrx_word' id='word_1_206' title='bbox 1173 2360 1228 2425; x_wconf 87' lang='grc' dir='ltr'><strong><em>καί</em></strong></span> <span class='ocrx_word' id='word_1_207' title='bbox 1246 2363 1281 2426; x_wconf 82' lang='grc' dir='ltr'><strong><em>έν</em></strong></span> <span class='ocrx_word' id='word_1_208' title='bbox 1300 2351 1323 2446; x_wconf 87' lang='grc' dir='ltr'><em>ᾗ</em></span> <span class='ocrx_word' id='word_1_209' title='bbox 1343 2359 1383 2424; x_wconf 89' lang='grc' dir='ltr'><strong><em>τά</em></strong></span> 
     </span>
     <span class='ocr_line' id='line_1_23' title="bbox 281 2454 1385 2555; baseline 0.001 -27"><span class='ocrx_word' id='word_1_210' title='bbox 281 2461 384 2529; x_wconf 86' lang='grc' dir='ltr'><strong><em>πάντα</em></strong></span> <span class='ocrx_word' id='word_1_211' title='bbox 407 2468 524 2549; x_wconf 83' lang='grc' dir='ltr'><strong><em>γέγονε.</em></strong></span> <span class='ocrx_word' id='word_1_212' title='bbox 568 2463 651 2550; x_wconf 79' lang='grc' dir='ltr'><strong><em>πλην</em></strong></span> <span class='ocrx_word' id='word_1_213' title='bbox 682 2466 870 2555; x_wconf 82' lang='grc' dir='ltr'><strong><em>ου’χίτσότῳ</em></strong></span> <span class='ocrx_word' id='word_1_214' title='bbox 895 2456 1027 2548; x_wconf 72' lang='grc' dir='ltr'><strong><em>λόγσςῆ</em></strong></span> <span class='ocrx_word' id='word_1_215' title='bbox 1057 2461 1126 2541; x_wconf 81' lang='grc' dir='ltr'><strong><em>υἱός</em></strong></span> <span class='ocrx_word' id='word_1_216' title='bbox 1148 2454 1249 2553; x_wconf 64' lang='lat' dir='ltr'><strong>pinus*</strong></span> <span class='ocrx_word' id='word_1_217' title='bbox 1269 2465 1385 2549; x_wconf 88' lang='grc' dir='ltr'><strong><em>σοφία.</em></strong></span> 
     </span>
    </p>
   </div>
   <div class='ocr_carea' id='block_1_3' title="bbox 179 2677 1383 4180">
    <p class='ocr_par' dir='ltr' id='par_1_8' title="bbox 179 2677 1383 4180">
     <span class='ocr_line' id='line_1_24' title="bbox 281 2677 1383 2744; baseline -0.005 -8"><span class='ocrx_word' id='word_1_218' title='bbox 281 2679 392 2744; x_wconf 78' lang='lat' dir='ltr'><strong>valant,</strong></span> <span class='ocrx_word' id='word_1_219' title='bbox 421 2679 474 2732; x_wconf 85' lang='lat' dir='ltr'><strong><em>huc</em></strong></span> <span class='ocrx_word' id='word_1_220' title='bbox 500 2679 550 2734; x_wconf 87' lang='lat' dir='ltr'><strong>ille</strong></span> <span class='ocrx_word' id='word_1_221' title='bbox 576 2682 722 2740; x_wconf 79' lang='lat' dir='ltr'><strong>relucere</strong></span> <span class='ocrx_word' id='word_1_222' title='bbox 746 2689 840 2736; x_wconf 85' lang='lat' dir='ltr'><strong>contra</strong></span> <span class='ocrx_word' id='word_1_223' title='bbox 865 2697 894 2735; x_wconf 84' lang='lat' dir='ltr'><strong><em>ss</em></strong></span> <span class='ocrx_word' id='word_1_224' title='bbox 924 2681 1031 2733; x_wconf 86' lang='lat' dir='ltr'><strong>omuino</strong></span> <span class='ocrx_word' id='word_1_225' title='bbox 1059 2694 1113 2732; x_wconf 88' lang='lat' dir='ltr'><strong>nou</strong></span> <span class='ocrx_word' id='word_1_226' title='bbox 1143 2677 1383 2730; x_wconf 80' lang='lat' dir='ltr'><strong>animadvertebat.</strong></span> 
     </span>
     <span class='ocr_line' id='line_1_25' title="bbox 281 2749 1382 2820; baseline -0.009 -14"><span class='ocrx_word' id='word_1_227' title='bbox 281 2753 350 2806; x_wconf 85' lang='lat' dir='ltr'><strong>haee</strong></span> <span class='ocrx_word' id='word_1_228' title='bbox 368 2752 514 2820; x_wconf 81' lang='lat' dir='ltr'><strong>Gregornm</strong></span> <span class='ocrx_word' id='word_1_229' title='bbox 527 2755 648 2820; x_wconf 75' lang='lat' dir='ltr'><strong>quamvis</strong></span> <span class='ocrx_word' id='word_1_230' title='bbox 667 2754 774 2806; x_wconf 87' lang='lat' dir='ltr'><strong>omuino</strong></span> <span class='ocrx_word' id='word_1_231' title='bbox 788 2770 842 2806; x_wconf 91' lang='lat' dir='ltr'><strong><em>non</em></strong></span> <span class='ocrx_word' id='word_1_232' title='bbox 861 2754 950 2806; x_wconf 85' lang='lat' dir='ltr'><strong>ridere</strong></span> <span class='ocrx_word' id='word_1_233' title='bbox 969 2751 1105 2805; x_wconf 88' lang='lat' dir='ltr'><strong>volentem</strong></span> <span class='ocrx_word' id='word_1_234' title='bbox 1124 2749 1311 2803; x_wconf 88' lang='lat' dir='ltr'><strong>adridendum</strong></span> <span class='ocrx_word' id='word_1_235' title='bbox 1330 2750 1382 2801; x_wconf 85' lang='lat' dir='ltr'><strong><em>ad.</em></strong></span> 
     </span>
     <span class='ocr_line' id='line_1_26' title="bbox 281 2821 1379 2890; baseline -0.004 -13"><span class='ocrx_word' id='word_1_236' title='bbox 281 2826 429 2890; x_wconf 79' lang='lat' dir='ltr'><strong>duxerunt,</strong></span> <span class='ocrx_word' id='word_1_237' title='bbox 449 2832 476 2876; x_wconf 87' lang='lat' dir='ltr'><strong>et</strong></span> <span class='ocrx_word' id='word_1_238' title='bbox 494 2831 524 2877; x_wconf 89' lang='lat' dir='ltr'><strong><em>ut</em></strong></span> <span class='ocrx_word' id='word_1_239' title='bbox 549 2823 655 2878; x_wconf 87' lang='lat' dir='ltr'><strong>oculum</strong></span> <span class='ocrx_word' id='word_1_240' title='bbox 674 2825 846 2878; x_wconf 79' lang='lat' dir='ltr'><strong>cavillantem</strong></span> <span class='ocrx_word' id='word_1_241' title='bbox 869 2826 897 2876; x_wconf 90' lang='lat' dir='ltr'><strong>iu</strong></span> <span class='ocrx_word' id='word_1_242' title='bbox 920 2840 978 2875; x_wconf 90' lang='lat' dir='ltr'><strong>eum</strong></span> <span class='ocrx_word' id='word_1_243' title='bbox 1000 2823 1147 2875; x_wconf 87' lang='lat' dir='ltr'><strong>coniicieus</strong></span> <span class='ocrx_word' id='word_1_244' title='bbox 1167 2821 1234 2872; x_wconf 89' lang='lat' dir='ltr'><strong>haec</strong></span> <span class='ocrx_word' id='word_1_245' title='bbox 1254 2821 1379 2873; x_wconf 85' lang='lat' dir='ltr'><strong>diceret:</strong></span> 
     </span>
     <span class='ocr_line' id='line_1_27' title="bbox 283 2894 1380 2964; baseline -0.004 -16"><span class='ocrx_word' id='word_1_246' title='bbox 283 2896 405 2964; x_wconf 88' lang='lat' dir='ltr'><strong>equidem</strong></span> <span class='ocrx_word' id='word_1_247' title='bbox 435 2897 612 2964; x_wconf 84' lang='lat' dir='ltr'><strong>ignorantium</strong></span> <span class='ocrx_word' id='word_1_248' title='bbox 643 2905 714 2950; x_wconf 90' lang='lat' dir='ltr'><strong>tuam</strong></span> <span class='ocrx_word' id='word_1_249' title='bbox 742 2906 769 2948; x_wconf 92' lang='lat' dir='ltr'><strong>et</strong></span> <span class='ocrx_word' id='word_1_250' title='bbox 796 2897 984 2963; x_wconf 86' lang='lat' dir='ltr'><strong>impudentiam</strong></span> <span class='ocrx_word' id='word_1_251' title='bbox 1007 2897 1155 2957; x_wconf 89' lang='lat' dir='ltr'><strong>miserans,</strong></span> <span class='ocrx_word' id='word_1_252' title='bbox 1183 2894 1282 2956; x_wconf 85' lang='lat' dir='ltr'><strong>amice,</strong></span> <span class='ocrx_word' id='word_1_253' title='bbox 1307 2908 1380 2944; x_wconf 86' lang='lat' dir='ltr'><strong>nunc</strong></span> 
     </span>
     <span class='ocr_line' id='line_1_28' title="bbox 282 2964 1380 3038; baseline -0.007 -18"><span class='ocrx_word' id='word_1_254' title='bbox 282 2983 389 3037; x_wconf 87' lang='lat' dir='ltr'><strong>quoque</strong></span> <span class='ocrx_word' id='word_1_255' title='bbox 408 2968 473 3021; x_wconf 80' lang='lat' dir='ltr'><strong>vulo</strong></span> <span class='ocrx_word' id='word_1_256' title='bbox 492 2982 584 3021; x_wconf 88' lang='lat' dir='ltr'><strong>uurues</strong></span> <span class='ocrx_word' id='word_1_257' title='bbox 606 2984 782 3038; x_wconf 90' lang='lat' dir='ltr'><strong>quaecunque</strong></span> <span class='ocrx_word' id='word_1_258' title='bbox 807 2983 900 3020; x_wconf 88' lang='lat' dir='ltr'><strong>vocem</strong></span> <span class='ocrx_word' id='word_1_259' title='bbox 923 2967 1072 3034; x_wconf 72' lang='lat' dir='ltr'><strong>sapientiae</strong></span> <span class='ocrx_word' id='word_1_260' title='bbox 1099 2965 1221 3017; x_wconf 85' lang='lat' dir='ltr'><strong>dividunt</strong></span> <span class='ocrx_word' id='word_1_261' title='bbox 1239 2964 1380 3032; x_wconf 84' lang='lat' dir='ltr'><strong>signitica-</strong></span> 
     </span>
     <span class='ocr_line' id='line_1_29' title="bbox 281 3035 1380 3106; baseline -0.008 -14"><span class='ocrx_word' id='word_1_262' title='bbox 281 3040 369 3092; x_wconf 82' lang='lat' dir='ltr'><strong>tioues</strong></span> <span class='ocrx_word' id='word_1_263' title='bbox 388 3040 530 3106; x_wconf 82' lang='lat' dir='ltr'><strong>profereus</strong></span> <span class='ocrx_word' id='word_1_264' title='bbox 551 3041 695 3092; x_wconf 89' lang='lat' dir='ltr'><strong>secundum</strong></span> <span class='ocrx_word' id='word_1_265' title='bbox 714 3041 845 3091; x_wconf 71' lang='lat' dir='ltr'><strong>scientiae</strong></span> <span class='ocrx_word' id='word_1_266' title='bbox 863 3040 994 3090; x_wconf 90' lang='lat' dir='ltr'><strong>rationem</strong></span> <span class='ocrx_word' id='word_1_267' title='bbox 1013 3046 1039 3088; x_wconf 88' lang='lat' dir='ltr'><strong>te</strong></span> <span class='ocrx_word' id='word_1_268' title='bbox 1058 3037 1174 3088; x_wconf 88' lang='lat' dir='ltr'><strong>doecre:</strong></span> <span class='ocrx_word' id='word_1_269' title='bbox 1192 3043 1222 3087; x_wconf 91' lang='lat' dir='ltr'><strong><em>ut</em></strong></span> <span class='ocrx_word' id='word_1_270' title='bbox 1240 3035 1302 3086; x_wconf 87' lang='lat' dir='ltr'><strong>iude</strong></span> <span class='ocrx_word' id='word_1_271' title='bbox 1322 3035 1380 3086; x_wconf 88' lang='lat' dir='ltr'><strong>dis.</strong></span> 
     </span>
     <span class='ocr_line' id='line_1_30' title="bbox 179 3107 1381 3180; baseline -0.007 -17"><span class='ocrx_word' id='word_1_272' title='bbox 179 3132 182 3136; x_wconf 91' lang='lat'>·</span> <span class='ocrx_word' id='word_1_273' title='bbox 282 3126 340 3173; x_wconf 84' lang='lat' dir='ltr'><strong>cns,</strong></span> <span class='ocrx_word' id='word_1_274' title='bbox 358 3111 386 3160; x_wconf 92' lang='lat' dir='ltr'><strong>iu</strong></span> <span class='ocrx_word' id='word_1_275' title='bbox 405 3118 528 3179; x_wconf 86' lang='lat' dir='ltr'><strong>quautam</strong></span> <span class='ocrx_word' id='word_1_276' title='bbox 547 3113 705 3178; x_wconf 81' lang='lat' dir='ltr'><strong>pravitatem</strong></span> <span class='ocrx_word' id='word_1_277' title='bbox 724 3112 845 3180; x_wconf 83' lang='lat' dir='ltr'><strong>adigatur</strong></span> <span class='ocrx_word' id='word_1_278' title='bbox 870 3112 892 3162; x_wconf 89' lang='lat' dir='ltr'><strong>si</strong></span> <span class='ocrx_word' id='word_1_279' title='bbox 913 3111 971 3178; x_wconf 88' lang='lat' dir='ltr'><strong>quis</strong></span> <span class='ocrx_word' id='word_1_280' title='bbox 992 3116 1107 3178; x_wconf 83' lang='lat' dir='ltr'><strong>nugatus</strong></span> <span class='ocrx_word' id='word_1_281' title='bbox 1131 3113 1268 3174; x_wconf 88' lang='lat' dir='ltr'><strong>pervertat</strong></span> <span class='ocrx_word' id='word_1_282' title='bbox 1288 3107 1381 3173; x_wconf 88' lang='lat' dir='ltr'><strong>impu.</strong></span> 
     </span>
     <span class='ocr_line' id='line_1_31' title="bbox 282 3178 1379 3251; baseline -0.006 -19"><span class='ocrx_word' id='word_1_283' title='bbox 282 3182 377 3232; x_wconf 81' lang='lat' dir='ltr'><strong>deuter</strong></span> <span class='ocrx_word' id='word_1_284' title='bbox 396 3181 675 3248; x_wconf 85' lang='lat' dir='ltr'><strong>scripturasdivinas.</strong></span> <span class='ocrx_word' id='word_1_285' title='bbox 714 3183 877 3251; x_wconf 86' lang='lat' dir='ltr'><strong>sequendum</strong></span> <span class='ocrx_word' id='word_1_286' title='bbox 897 3182 979 3250; x_wconf 88' lang='lat' dir='ltr'><strong>igitur</strong></span> <span class='ocrx_word' id='word_1_287' title='bbox 999 3189 1039 3232; x_wconf 87' lang='lat' dir='ltr'><strong>est</strong></span> <span class='ocrx_word' id='word_1_288' title='bbox 1058 3179 1136 3231; x_wconf 86' lang='lat' dir='ltr'><strong>nobis</strong></span> <span class='ocrx_word' id='word_1_289' title='bbox 1157 3178 1306 3229; x_wconf 87' lang='lat' dir='ltr'><strong>divinorum</strong></span> <span class='ocrx_word' id='word_1_290' title='bbox 1327 3192 1379 3244; x_wconf 90' lang='lat' dir='ltr'><strong><em>pa.</em></strong></span> 
     </span>
     <span class='ocr_line' id='line_1_32' title="bbox 281 3246 1380 3322; baseline -0.004 -18"><span class='ocrx_word' id='word_1_291' title='bbox 281 3260 350 3304; x_wconf 89' lang='lat' dir='ltr'><strong>tram</strong></span> <span class='ocrx_word' id='word_1_292' title='bbox 369 3249 413 3302; x_wconf 86' lang='lat' dir='ltr'><strong>hic</strong></span> <span class='ocrx_word' id='word_1_293' title='bbox 431 3266 539 3320; x_wconf 83' lang='lat' dir='ltr'><strong>quaque</strong></span> <span class='ocrx_word' id='word_1_294' title='bbox 558 3254 761 3305; x_wconf 88' lang='lat' dir='ltr'><strong>institutionem.</strong></span> <span class='ocrx_word' id='word_1_295' title='bbox 799 3254 961 3322; x_wconf 81' lang='lat' dir='ltr'><strong>intelligitur</strong></span> <span class='ocrx_word' id='word_1_296' title='bbox 987 3253 1055 3302; x_wconf 89' lang='lat' dir='ltr'><strong>enirn</strong></span> <span class='ocrx_word' id='word_1_297' title='bbox 1083 3250 1214 3317; x_wconf 90' lang='lat' dir='ltr'><strong>sapientia</strong></span> <span class='ocrx_word' id='word_1_298' title='bbox 1234 3246 1380 3314; x_wconf 85' lang='lat' dir='ltr'><strong>dupliciter</strong></span> 
     </span>
     <span class='ocr_line' id='line_1_33' title="bbox 281 3320 1379 3393; baseline -0.008 -18"><span class='ocrx_word' id='word_1_299' title='bbox 281 3322 426 3375; x_wconf 83' lang='lat' dir='ltr'><strong>secuudum</strong></span> <span class='ocrx_word' id='word_1_300' title='bbox 446 3331 562 3374; x_wconf 88' lang='lat' dir='ltr'><strong>creatum</strong></span> <span class='ocrx_word' id='word_1_301' title='bbox 583 3332 610 3375; x_wconf 89' lang='lat' dir='ltr'><strong>et</strong></span> <span class='ocrx_word' id='word_1_302' title='bbox 629 3325 796 3389; x_wconf 87' lang='lat' dir='ltr'><strong>increatum,</strong></span> <span class='ocrx_word' id='word_1_303' title='bbox 817 3333 895 3393; x_wconf 87' lang='lat' dir='ltr'><strong>utque</strong></span> <span class='ocrx_word' id='word_1_304' title='bbox 916 3331 1004 3376; x_wconf 86' lang='lat' dir='ltr'><strong>creata</strong></span> <span class='ocrx_word' id='word_1_305' title='bbox 1031 3323 1136 3390; x_wconf 88' lang='lat' dir='ltr'><strong>quidem</strong></span> <span class='ocrx_word' id='word_1_306' title='bbox 1152 3320 1248 3371; x_wconf 90' lang='lat' dir='ltr'><strong>dicitur</strong></span> <span class='ocrx_word' id='word_1_307' title='bbox 1267 3321 1379 3385; x_wconf 86' lang='lat' dir='ltr'><strong>sapien.</strong></span> 
     </span>
     <span class='ocr_line' id='line_1_34' title="bbox 281 3392 1379 3464; baseline -0.004 -18"><span class='ocrx_word' id='word_1_308' title='bbox 281 3395 380 3457; x_wconf 82' lang='lat' dir='ltr'><strong>tinea,</strong></span> <span class='ocrx_word' id='word_1_309' title='bbox 401 3409 469 3462; x_wconf 90' lang='lat' dir='ltr'><strong>quae</strong></span> <span class='ocrx_word' id='word_1_310' title='bbox 491 3395 578 3445; x_wconf 84' lang='lat' dir='ltr'><strong>inlusa</strong></span> <span class='ocrx_word' id='word_1_311' title='bbox 598 3404 639 3447; x_wconf 86' lang='lat' dir='ltr'><strong>est</strong></span> <span class='ocrx_word' id='word_1_312' title='bbox 656 3411 672 3446; x_wconf 89' lang='lat' dir='ltr'><strong>a</strong></span> <span class='ocrx_word' id='word_1_313' title='bbox 691 3396 741 3446; x_wconf 90' lang='lat' dir='ltr'><strong>deo</strong></span> <span class='ocrx_word' id='word_1_314' title='bbox 763 3396 896 3464; x_wconf 87' lang='lat' dir='ltr'><strong>simulque</strong></span> <span class='ocrx_word' id='word_1_315' title='bbox 916 3395 1039 3446; x_wconf 84' lang='lat' dir='ltr'><strong>conlecta</strong></span> <span class='ocrx_word' id='word_1_316' title='bbox 1066 3393 1179 3456; x_wconf 89' lang='lat' dir='ltr'><strong>creatis,</strong></span> <span class='ocrx_word' id='word_1_317' title='bbox 1196 3398 1227 3441; x_wconf 92' lang='lat' dir='ltr'><strong><em>ut</em></strong></span> <span class='ocrx_word' id='word_1_318' title='bbox 1245 3392 1379 3457; x_wconf 84' lang='lat' dir='ltr'><strong>sapientia</strong></span> 
     </span>
     <span class='ocr_line' id='line_1_35' title="bbox 280 3460 1378 3536; baseline -0.005 -20"><span class='ocrx_word' id='word_1_319' title='bbox 280 3464 330 3516; x_wconf 91' lang='lat' dir='ltr'><strong>illu</strong></span> <span class='ocrx_word' id='word_1_320' title='bbox 348 3466 493 3517; x_wconf 86' lang='lat' dir='ltr'><strong>secuudum</strong></span> <span class='ocrx_word' id='word_1_321' title='bbox 512 3465 685 3519; x_wconf 80' lang='lat' dir='ltr'><strong>Athanasium</strong></span> <span class='ocrx_word' id='word_1_322' title='bbox 701 3466 960 3536; x_wconf 85' lang='lat' dir='ltr'><strong>magnum-omuibus</strong></span> <span class='ocrx_word' id='word_1_323' title='bbox 980 3466 1135 3517; x_wconf 86' lang='lat' dir='ltr'><strong>viderentur</strong></span> <span class='ocrx_word' id='word_1_324' title='bbox 1147 3460 1279 3529; x_wconf 87' lang='lat' dir='ltr'><strong>simulque</strong></span> <span class='ocrx_word' id='word_1_325' title='bbox 1299 3477 1378 3513; x_wconf 84' lang='lat' dir='ltr'><strong>cren.</strong></span> 
     </span>
     <span class='ocr_line' id='line_1_36' title="bbox 281 3533 1378 3608; baseline -0.008 -18"><span class='ocrx_word' id='word_1_326' title='bbox 281 3545 340 3590; x_wconf 88' lang='lat' dir='ltr'><strong>tore</strong></span> <span class='ocrx_word' id='word_1_327' title='bbox 358 3537 457 3608; x_wconf 80' lang='lat' dir='ltr'><strong>digua:</strong></span> <span class='ocrx_word' id='word_1_328' title='bbox 476 3539 620 3590; x_wconf 89' lang='lat' dir='ltr'><strong>secuudum</strong></span> <span class='ocrx_word' id='word_1_329' title='bbox 640 3553 717 3605; x_wconf 92' lang='lat' dir='ltr'><strong>quam</strong></span> <span class='ocrx_word' id='word_1_330' title='bbox 736 3539 959 3606; x_wconf 83' lang='lat' dir='ltr'><strong>significationem</strong></span> <span class='ocrx_word' id='word_1_331' title='bbox 980 3537 1058 3588; x_wconf 89' lang='lat' dir='ltr'><strong>etiarn</strong></span> <span class='ocrx_word' id='word_1_332' title='bbox 1080 3535 1165 3587; x_wconf 84' lang='lat' dir='ltr'><strong>David</strong></span> <span class='ocrx_word' id='word_1_333' title='bbox 1186 3533 1278 3585; x_wconf 89' lang='lat' dir='ltr'><strong>coelos</strong></span> <span class='ocrx_word' id='word_1_334' title='bbox 1297 3548 1378 3585; x_wconf 87' lang='lat' dir='ltr'><strong>enar.</strong></span> 
     </span>
     <span class='ocr_line' id='line_1_37' title="bbox 280 3604 1379 3680; baseline -0.007 -20"><span class='ocrx_word' id='word_1_335' title='bbox 280 3623 341 3660; x_wconf 88' lang='lat' dir='ltr'><strong>rare</strong></span> <span class='ocrx_word' id='word_1_336' title='bbox 359 3610 403 3662; x_wconf 92' lang='lat' dir='ltr'><strong><em>dei</em></strong></span> <span class='ocrx_word' id='word_1_337' title='bbox 423 3609 537 3680; x_wconf 84' lang='lat' dir='ltr'><strong>gloriam</strong></span> <span class='ocrx_word' id='word_1_338' title='bbox 561 3610 625 3661; x_wconf 92' lang='lat' dir='ltr'><strong>dicit</strong></span> <span class='ocrx_word' id='word_1_339' title='bbox 642 3610 721 3660; x_wconf 89' lang='lat' dir='ltr'><strong>mutis</strong></span> <span class='ocrx_word' id='word_1_340' title='bbox 744 3609 853 3677; x_wconf 84' lang='lat' dir='ltr'><strong>linguis.</strong></span> <span class='ocrx_word' id='word_1_341' title='bbox 897 3608 1029 3677; x_wconf 85' lang='lat' dir='ltr'><strong>simulque</strong></span> <span class='ocrx_word' id='word_1_342' title='bbox 1062 3607 1149 3657; x_wconf 88' lang='lat' dir='ltr'><strong>omnia</strong></span> <span class='ocrx_word' id='word_1_343' title='bbox 1169 3613 1259 3656; x_wconf 88' lang='lat' dir='ltr'><strong>creata</strong></span> <span class='ocrx_word' id='word_1_344' title='bbox 1278 3604 1379 3657; x_wconf 85' lang='lat' dir='ltr'><strong>cohor.</strong></span> 
     </span>
     <span class='ocr_line' id='line_1_38' title="bbox 279 3676 1378 3750; baseline -0.002 -20"><span class='ocrx_word' id='word_1_345' title='bbox 279 3687 350 3731; x_wconf 89' lang='lat' dir='ltr'><strong>tatur</strong></span> <span class='ocrx_word' id='word_1_346' title='bbox 368 3681 400 3733; x_wconf 88' lang='lat' dir='ltr'><strong><em>ud</em></strong></span> <span class='ocrx_word' id='word_1_347' title='bbox 419 3682 497 3733; x_wconf 88' lang='lat' dir='ltr'><strong>deum</strong></span> <span class='ocrx_word' id='word_1_348' title='bbox 526 3681 732 3745; x_wconf 86' lang='lat' dir='ltr'><strong>celebrandum,</strong></span> <span class='ocrx_word' id='word_1_349' title='bbox 753 3696 928 3750; x_wconf 89' lang='lat' dir='ltr'><strong>quaecunque</strong></span> <span class='ocrx_word' id='word_1_350' title='bbox 949 3682 1035 3731; x_wconf 89' lang='lat' dir='ltr'><strong>anima</strong></span> <span class='ocrx_word' id='word_1_351' title='bbox 1055 3677 1179 3744; x_wconf 87' lang='lat' dir='ltr'><strong>praedita</strong></span> <span class='ocrx_word' id='word_1_352' title='bbox 1198 3684 1225 3727; x_wconf 91' lang='lat' dir='ltr'><strong>et</strong></span> <span class='ocrx_word' id='word_1_353' title='bbox 1243 3676 1378 3740; x_wconf 85' lang='lat' dir='ltr'><strong>destituta,</strong></span> 
     </span>
     <span class='ocr_line' id='line_1_39' title="bbox 281 3747 1379 3818; baseline 0 -18"><span class='ocrx_word' id='word_1_354' title='bbox 281 3764 457 3818; x_wconf 82' lang='lat' dir='ltr'><strong>quaecuuque</strong></span> <span class='ocrx_word' id='word_1_355' title='bbox 476 3768 556 3805; x_wconf 88' lang='lat' dir='ltr'><strong>seusu</strong></span> <span class='ocrx_word' id='word_1_356' title='bbox 576 3761 637 3804; x_wconf 89' lang='lat' dir='ltr'><strong>suut</strong></span> <span class='ocrx_word' id='word_1_357' title='bbox 656 3752 777 3818; x_wconf 88' lang='lat' dir='ltr'><strong>praedita</strong></span> <span class='ocrx_word' id='word_1_358' title='bbox 797 3761 823 3804; x_wconf 89' lang='lat' dir='ltr'><strong>et</strong></span> <span class='ocrx_word' id='word_1_359' title='bbox 841 3753 987 3816; x_wconf 90' lang='lat' dir='ltr'><strong>destituta,</strong></span> <span class='ocrx_word' id='word_1_360' title='bbox 1008 3757 1034 3800; x_wconf 89' lang='lat' dir='ltr'><strong>et</strong></span> <span class='ocrx_word' id='word_1_361' title='bbox 1053 3763 1132 3816; x_wconf 88' lang='lat' dir='ltr'><strong>porro</strong></span> <span class='ocrx_word' id='word_1_362' title='bbox 1153 3751 1214 3812; x_wconf 74' lang='lat' dir='ltr'><strong>eos‚⁴</strong></span> <span class='ocrx_word' id='word_1_363' title='bbox 1233 3749 1279 3817; x_wconf 93' lang='lat' dir='ltr'><strong>qui</strong></span> <span class='ocrx_word' id='word_1_364' title='bbox 1300 3747 1379 3800; x_wconf 90' lang='lat' dir='ltr'><strong>docte</strong></span> 
     </span>
     <span class='ocr_line' id='line_1_40' title="bbox 279 3819 1378 3892; baseline -0.002 -20"><span class='ocrx_word' id='word_1_365' title='bbox 279 3821 455 3873; x_wconf 87' lang='lat' dir='ltr'><strong>instituuntur</strong></span> <span class='ocrx_word' id='word_1_366' title='bbox 474 3838 507 3874; x_wconf 85' lang='lat' dir='ltr'><strong>ex</strong></span> <span class='ocrx_word' id='word_1_367' title='bbox 529 3825 685 3892; x_wconf 88' lang='lat' dir='ltr'><strong>cognitione</strong></span> <span class='ocrx_word' id='word_1_368' title='bbox 716 3831 794 3875; x_wconf 86' lang='lat' dir='ltr'><strong>autea</strong></span> <span class='ocrx_word' id='word_1_369' title='bbox 814 3823 966 3874; x_wconf 83' lang='lat' dir='ltr'><strong>substante:</strong></span> <span class='ocrx_word' id='word_1_370' title='bbox 993 3823 1020 3872; x_wconf 89' lang='lat' dir='ltr'><strong>iu</strong></span> <span class='ocrx_word' id='word_1_371' title='bbox 1039 3835 1090 3889; x_wconf 90' lang='lat' dir='ltr'><strong><em>qua</em></strong></span> <span class='ocrx_word' id='word_1_372' title='bbox 1109 3834 1168 3870; x_wconf 88' lang='lat' dir='ltr'><strong><em>cum</em></strong></span> <span class='ocrx_word' id='word_1_373' title='bbox 1189 3819 1330 3872; x_wconf 86' lang='lat' dir='ltr'><strong>scientiam</strong></span> <span class='ocrx_word' id='word_1_374' title='bbox 1352 3827 1378 3870; x_wconf 89' lang='lat' dir='ltr'><strong>et</strong></span> 
     </span>
     <span class='ocr_line' id='line_1_41' title="bbox 280 3891 1376 3960; baseline -0.004 -16"><span class='ocrx_word' id='word_1_375' title='bbox 280 3891 488 3958; x_wconf 82' lang='lat' dir='ltr'><strong>intelligentiam</strong></span> <span class='ocrx_word' id='word_1_376' title='bbox 515 3893 657 3946; x_wconf 85' lang='lat' dir='ltr'><strong>habeamus</strong></span> <span class='ocrx_word' id='word_1_377' title='bbox 682 3895 775 3945; x_wconf 87' lang='lat' dir='ltr'><strong>testari</strong></span> <span class='ocrx_word' id='word_1_378' title='bbox 800 3910 849 3946; x_wconf 89' lang='lat' dir='ltr'><strong>nos</strong></span> <span class='ocrx_word' id='word_1_379' title='bbox 875 3894 1031 3960; x_wconf 86' lang='lat' dir='ltr'><strong>sapientiam</strong></span> <span class='ocrx_word' id='word_1_380' title='bbox 1056 3892 1143 3943; x_wconf 90' lang='lat' dir='ltr'><strong>omnia</strong></span> <span class='ocrx_word' id='word_1_381' title='bbox 1169 3898 1304 3944; x_wconf 87' lang='lat' dir='ltr'><strong>creantem</strong></span> <span class='ocrx_word' id='word_1_382' title='bbox 1329 3905 1376 3942; x_wconf 88' lang='lat' dir='ltr'><strong><em>suo</em></strong></span> 
     </span>
     <span class='ocr_line' id='line_1_42' title="bbox 280 3961 1377 4032; baseline 0 -18"><span class='ocrx_word' id='word_1_383' title='bbox 280 3978 417 4032; x_wconf 72' lang='lat' dir='ltr'><strong><em>¹quemque</em></strong></span> <span class='ocrx_word' id='word_1_384' title='bbox 435 3964 516 4015; x_wconf 85' lang='lat' dir='ltr'><strong>insitu</strong></span> <span class='ocrx_word' id='word_1_385' title='bbox 535 3979 609 4016; x_wconf 87' lang='lat' dir='ltr'><strong>more</strong></span> <span class='ocrx_word' id='word_1_386' title='bbox 628 3973 717 4031; x_wconf 87' lang='lat' dir='ltr'><strong>patres</strong></span> <span class='ocrx_word' id='word_1_387' title='bbox 741 3965 827 4016; x_wconf 82' lang='lat' dir='ltr'><strong>divini</strong></span> <span class='ocrx_word' id='word_1_388' title='bbox 848 3966 1029 4017; x_wconf 83' lang='lat' dir='ltr'><strong>contendunt:</strong></span> <span class='ocrx_word' id='word_1_389' title='bbox 1058 3979 1089 4014; x_wconf 91' lang='lat' dir='ltr'><strong><em>ac</em></strong></span> <span class='ocrx_word' id='word_1_390' title='bbox 1108 3978 1176 4031; x_wconf 87' lang='lat' dir='ltr'><strong>quae</strong></span> <span class='ocrx_word' id='word_1_391' title='bbox 1194 3961 1289 4013; x_wconf 88' lang='lat' dir='ltr'><strong>iudeo</strong></span> <span class='ocrx_word' id='word_1_392' title='bbox 1310 3976 1377 4030; x_wconf 84' lang='lat' dir='ltr'><strong>cog-</strong></span> 
     </span>
     <span class='ocr_line' id='line_1_43' title="bbox 265 4032 1377 4103; baseline -0.005 -14"><span class='ocrx_word' id='word_1_393' title='bbox 265 4036 357 4089; x_wconf 42' lang='lat' dir='ltr'><strong>enosci</strong></span> <span class='ocrx_word' id='word_1_394' title='bbox 380 4043 493 4103; x_wconf 82' lang='lat' dir='ltr'><strong>possunt</strong></span> <span class='ocrx_word' id='word_1_395' title='bbox 510 4035 582 4087; x_wconf 87' lang='lat' dir='ltr'><strong>clara</strong></span> <span class='ocrx_word' id='word_1_396' title='bbox 603 4044 664 4087; x_wconf 89' lang='lat' dir='ltr'><strong>suut</strong></span> <span class='ocrx_word' id='word_1_397' title='bbox 681 4036 797 4087; x_wconf 85' lang='lat' dir='ltr'><strong>creatis:</strong></span> <span class='ocrx_word' id='word_1_398' title='bbox 818 4037 936 4088; x_wconf 87' lang='lat' dir='ltr'><strong>increata</strong></span> <span class='ocrx_word' id='word_1_399' title='bbox 957 4045 1044 4089; x_wconf 90' lang='lat' dir='ltr'><strong>autem</strong></span> <span class='ocrx_word' id='word_1_400' title='bbox 1064 4041 1104 4088; x_wconf 87' lang='lat' dir='ltr'><strong>est</strong></span> <span class='ocrx_word' id='word_1_401' title='bbox 1122 4034 1271 4100; x_wconf 83' lang='lat' dir='ltr'><strong>sapientia,</strong></span> <span class='ocrx_word' id='word_1_402' title='bbox 1292 4032 1377 4102; x_wconf 86' lang='lat' dir='ltr'><strong>(lilius</strong></span> 
     </span>
     <span class='ocr_line' id='line_1_44' title="bbox 284 4104 1379 4180; baseline -0.005 -20"><span class='ocrx_word' id='word_1_403' title='bbox 284 4113 311 4161; x_wconf 89' lang='lat' dir='ltr'><strong>et</strong></span> <span class='ocrx_word' id='word_1_404' title='bbox 328 4106 397 4163; x_wconf 74' lang='lat' dir='ltr'><strong>ratis</strong></span> <span class='ocrx_word' id='word_1_405' title='bbox 416 4107 491 4180; x_wconf 86' lang='lat' dir='ltr'><strong>dei),</strong></span> <span class='ocrx_word' id='word_1_406' title='bbox 511 4121 562 4178; x_wconf 87' lang='lat' dir='ltr'><strong><em>qua</em></strong></span> <span class='ocrx_word' id='word_1_407' title='bbox 584 4115 611 4159; x_wconf 92' lang='lat' dir='ltr'><strong>et</strong></span> <span class='ocrx_word' id='word_1_408' title='bbox 629 4108 656 4158; x_wconf 92' lang='lat' dir='ltr'><strong>iu</strong></span> <span class='ocrx_word' id='word_1_409' title='bbox 674 4122 726 4177; x_wconf 88' lang='lat' dir='ltr'><strong><em>qua</em></strong></span> <span class='ocrx_word' id='word_1_410' title='bbox 744 4108 872 4162; x_wconf 88' lang='lat' dir='ltr'><strong>universa</strong></span> <span class='ocrx_word' id='word_1_411' title='bbox 892 4109 966 4162; x_wconf 87' lang='lat' dir='ltr'><strong>lacta·</strong></span> <span class='ocrx_word' id='word_1_412' title='bbox 979 4115 1048 4163; x_wconf 87' lang='lat' dir='ltr'><strong>suut.</strong></span> <span class='ocrx_word' id='word_1_413' title='bbox 1082 4105 1129 4161; x_wconf 80' lang='lat' dir='ltr'><strong>sed</strong></span> <span class='ocrx_word' id='word_1_414' title='bbox 1156 4117 1210 4158; x_wconf 84' lang='lat' dir='ltr'><strong>nou</strong></span> <span class='ocrx_word' id='word_1_415' title='bbox 1230 4112 1270 4158; x_wconf 88' lang='lat' dir='ltr'><strong>est</strong></span> <span class='ocrx_word' id='word_1_416' title='bbox 1292 4104 1379 4156; x_wconf 91' lang='lat' dir='ltr'><strong>eidem</strong></span> 
     </span>
    </p>
   </div>
   <div class='ocr_carea' id='block_1_4' title="bbox 0 0 1514 4759">
    <p class='ocr_par' dir='ltr' id='par_1_9' title="bbox 0 0 1514 4759">
     <span class='ocr_line' id='line_1_45' title="bbox 0 0 1514 4759; baseline 0 0"><span class='ocrx_word' id='word_1_417' title='bbox 0 0 1514 4759; x_wconf 95' lang='lat' dir='ltr'><strong><em> </em></strong></span> 
     </span>
    </p>
   </div>
  </div>
 </body>
</html>
