3017 4759
454 32 464 57 Ι

239 231 460 330 uisronua
487 256 747 333 autunum
765 265 861 332 xxx.
882 243 1069 333 λο-λὸ,
1135 255 1208 334 νον
1247 279 1249 288 ¹

112 422 233 510 δηλαδὴ
253 424 310 510 τήν
333 425 427 491 θείαν
446 427 567 511 ε’κείνην
587 425 641 492 καί
661 429 825 512 μακαρίαν
857 426 980 511 ον’σίαν,
1003 429 1058 493 κατ’
1075 423 1120 511 μῆ
1143 428 1210 492 κατ’

112 525 271 607 Βόνόμιον
293 529 411 592 ἐκεῖνον
431 524 484 591 τόν
501 529 653 614 δυσσεβῆ,
674 527 709 593 ’τό
733 535 789 613 τῆς
811 531 995 614 α’γεννησίας
1016 521 1116 611 όνομα
1130 525 1211 593 'tisti-

112 651 202 712 τητος
234 622 370 712 όπαρξιν
400 630 547 711 λε’γοντα,
583 629 640 694 καί
666 631 713 712 σί,
739 630 891 716 θεότητος
919 631 1013 696 ταῦθ’
1035 625 1210 716 ὑφειμένοις

112 726 260 811 ἡγεῖσθαι
283 726 397 808 πόντα,
423 728 598 816 διαφόρους
612 733 666 814 τῆς
685 731 795 806 οόσίας
817 731 872 795 καί
883 736 1057 812 οἰκτίστονς,
1079 725 1211 812 rivopo-

84 821 273 893 5πωνόντα
296 827 460 912 εὑρήματα
486 832 541 895 καί
561 833 732 914 ποιήματα.
775 831 887 897 αότίκα
908 830 967 917 γόρ
990 833 1069 918 πρός
1092 835 1211 896 ἐκεῖνον
1268 857 1271 864 ’

112 927 129 992 ό
152 932 251 1013 μέγας
283 931 398 1016 φόσκετ
421 933 589 1007 Βασίλειος
616 929 670 997 ι(τό
695 925 863 1017 α’γέννητος
890 935 920 999 εἰ
941 926 1050 1016 ὄνομα,
1073 935 1131 996 cclx
1152 933 1212 996 ον’-

111 1035 184 1127 σία·
228 1035 291 1095 ταῖν
310 1031 371 1114 γόρ
395 1034 515 1096 ον’σισῖν
534 1032 709 1116 σημαντικός
733 1031 771 1098 τό
796 1033 949 1121 ὀνόματα,
967 1035 1024 1098 οόκ
1046 1031 1129 1098 ον’τό
1152 1035 1210 1098 σό-

111 1133 192 1196 σίαι.
247 1124 336 1195 τίίλ2
355 1132 437 1197 ον’τό
471 1132 564 1197 οόσία
586 1130 617 1197 τό
643 1137 822 1219 α’γέννητος,
853 1141 1030 1218 λεγέτωσαν
1050 1134 1084 1200 τό
1110 1126 1218 1215 ὄνομα

112 1232 227 1315 ον’τῇς·
281 1237 322 1295 ον’
345 1233 408 1316 γόρ
438 1237 471 1297 ἐκ
496 1235 558 1297 τῶν
579 1237 698 1299 ον’σιῶν
723 1237 792 1300 ἀλλ’
820 1239 855 1300 ἐκ
875 1238 938 1301 τόν
972 1234 1134 1317 ὀνομάτων
1157 1238 1211 1299 κατ’

66 1336 147 1431 10s'a
178 1338 241 1396 τεόν
280 1327 446 1416 ἐνεργειῶν
475 1340 670 1419 γνωρίζομεν
698 1340 754 1400 καί
782 1335 922 1417 μάλιστα
952 1335 991 1400 τό
1024 1335 1211 1418 α’στόματα.”

111 1429 185 1524 όρρῖς
210 1438 244 1498 ἐκ
266 1436 325 1498 τοῦ
346 1432 538 1518 παρήκοντος
570 1441 635 1512 πῶς
657 1441 691 1501 ἐκ
714 1440 777 1501 τεόν
806 1441 991 1518 σωματικῶς
1022 1437 1272 1520 &seponas-20

109 1559 173 1598 νων
198 1533 361 1616 ἐνεργειῶν
384 1538 490 1620 φησίν,
511 1534 615 1600 ιῖτονν
629 1535 729 1621 ἔργων
749 1540 804 1602 καί
819 1526 1018 1620 ποιημάτων,
1044 1535 1208 1619 γνωρίζειν
1295 1527 1304 1536 ’

102 1633 192 1717 ’ἡμεῖς
214 1633 252 1698 τό
272 1632 427 1714 α’σιόματα
463 1634 517 1698 καί
537 1637 582 1720 μίγ
604 1635 809 1720 ’φαινόμενος
840 1631 936 1702 όκοοε
959 1639 991 1700 δ’
1011 1633 1065 1701 ἐπί
1086 1634 1209 1710 τούτοις
1265 1663 1268 1669 ·
1359 1647 1363 1653 ’

109 1741 145 1798 τί
169 1736 225 1798 καί
256 1733 273 1796 ό
298 1740 477 1799 Ννσσαίων
506 1735 580 1817 περί
607 1736 769 1817 ὀνομάτων
796 1736 913 1823 φάσκει
933 1739 965 1801 Γ
963 1737 1115 1822 ρηγόριος.
1164 1731 1207 1819 “ri

64 1846 99 1900 15
109 1840 184 1900 θεία
206 1835 304 1920 φόσις
326 1832 372 1900 ότι
396 1839 468 1900 ποτὲ
492 1842 559 1901 κατ’
581 1839 692 1904 ον’σίαν
707 1841 785 1920 ε’στί,
804 1841 864 1918 μία
884 1836 967 1904 ἐστίν
980 1836 1063 1924 ἁπλῆ
1075 1840 1131 1902 καί
1143 1858 1207 1917 pcc-e

108 1934 233 2018 νοειόῆς
254 1936 308 2001 καί
329 1936 507 2014 οίσόνθετος
528 1941 584 2002 καί
603 1939 681 2024 όπὲρ
704 1937 760 2024 τὴν
783 1936 970 2025 αἰσθητικόν
1001 1933 1088 2023 ἡμῶν
1110 1936 1207 2003 κατό-

107 2044 217 2121 ληψιν.
260 2043 315 2102 καί
334 2036 443 2122 laetor}
465 2039 550 2121 μόνα
573 2037 613 2104 τό
635 2041 850 2122 γινωσκόμενα
880 2037 933 2104 διό
950 2043 1011 2124 ,τῆς
1033 2039 1206 2120 όνομαστι-

108 2139 165 2223 τῆς
185 2124 405 2223 σημειούμεόα
428 2141 587 2223 κλήσεως,
611 2140 649 2203 τό
675 2142 704 2202 rl’
726 2141 806 2222 ὑπὲρ
826 2137 883 2224 τήν
906 2142 1022 2222 γνιόσιν
1045 2131 1121 2203 όντα
1145 2164 1205 2222 ση-

106 2248 290 2323 μειωτικαῖς
313 2239 379 2302 τισί
399 2239 624 2324 προσηγορίαις
649 2243 814 2318 διαλαβεῖν
843 2239 902 2320 οτίχ
924 2230 1057 2319 οἷόντε,
1080 2243 1206 2312 πολλοῖς

62 2342 163 2409 νθκαί
192 2338 360 2424 διαφόροις
395 2338 567 2421 ὀνόμασιν,
589 2336 674 2416 όπως
707 2334 745 2402 όν
773 2333 793 2426 ᾗ
819 2337 971 2422 όννατόν,
1001 2339 1205 2418 όναιιαλόψαι

108 2439 288 2524 βιαζόμεθα
316 2439 374 2522 τόν
395 2441 595 2523 ἐγγενομένην
625 2438 699 2523 ἡμῖν
727 2435 803 2524 περί
822 2441 883 2503 rori
902 2438 992 2503 θείου
1019 2435 1205 2502 όπόνοιαν.”

806 2739 810 2760 l

108 2789 168 2828 cum
188 2773 226 2825 ita
246 2774 300 2826 sint
316 2774 407 2843 itaque
427 2773 617 2842 praeiudicata,
643 2773 789 2842 repetenda
819 2771 933 2826 fortasse
954 2777 995 2825 est
1013 2769 1106 2838 lingna
1124 2768 1202 2822 nobis

108 2863 131 2897 e
143 2847 232 2913 priore
252 2848 368 2914 vestigio
387 2849 527 2911 orationis,
546 2846 574 2898 h.
594 2863 618 2899 e.
638 2845 841 2898 demonstranda
867 2851 909 2896 est
932 2841 1075 2894 multorum
1093 2837 1202 2892 illorum

106 2919 242 2968 nominum
270 2918 414 2968 concordia
444 2924 470 2968 et
495 2925 640 2969 concentus
671 2925 697 2969 et
718 2918 843 2986 quaesit
872 2927 961 2968 eorum
982 2913 1014 2964 ad
1031 2927 1111 2962 unum
1130 2910 1202 2978 quod

110 2990 218 3056 proprie
237 2989 277 3039 sic
295 2989 393 3039 dicitur
411 2988 524 3052 relatio,
552 2989 584 3039 ad
609 2989 724 3041 divinam
744 2988 867 3038 nimirum
894 2985 968 3036 illam
987 2991 1014 3033 et
1031 2982 1136 3034 beatam
1155 2996 1201 3032 es.

106 3062 229 3123 sentiam,
247 3075 336 3126 neque
354 3060 518 3126 sequundum
526 3059 682 3112 Eunomium
694 3060 769 3111 illum
783 3057 891 3123 impium
911 3054 956 3123 qui
974 3067 1027 3105 uon
1046 3051 1132 3121 geniti
1149 3064 1202 3102 no.

106 3147 168 3190 men
187 3131 335 3182 divinitatis
361 3130 532 3182 substantiam
559 3132 637 3196 dicit,
656 3146 745 3198 neque
765 3129 909 3181 seeundum
933 3133 960 3177 te
988 3123 1131 3190 putandum
1151 3129 1201 3186 est,
1247 3181 1253 3194 ,

106 3202 262 3254 divinitates
283 3201 566 3253 summissas'omnino
593 3202 713 3255 diversas
739 3201 773 3251 ab
799 3199 916 3251 essentia
935 3204 962 3248 et
989 3197 1121 3247 increatas
1141 3209 1201 3246 esse

106 3275 230 3325 inventas
250 3273 378 3341 fictasque
396 3273 435 3323 ab·
457 3273 616 3325 homiuibus.
664 3272 751 3323 statim
779 3271 848 3322 enim
879 3276 971 3320 eontra
990 3266 1065 3317 illum
1085 3265 1201 3317 Basilius

105 3359 217 3412 magnus
237 3344 288 3396 ait:
311 3353 382 3394 “uon
403 3343 541 3411 genitum’
563 3346 585 3396 si
604 3357 701 3393 nomeu
721 3349 771 3405 est,
790 3356 844 3391 nou
858 3349 898 3393 est
921 3338 1047 3402 essentia,
1068 3337 1202 3388 essentia.

106 3431 163 3466 rum
182 3416 251 3465 enim
278 3416 456 3483 significantia
487 3420 548 3467 suut
566 3414 693 3477 nomina,
720 3428 775 3464 uon
800 3413 858 3479 ipsa
883 3410 1034 3472 essentiae,
1054 3409 1202 3461 sinautem

106 3487 191 3551 ipsum
212 3494 282 3536 “uon
302 3489 438 3554 genitum'
460 3481 501 3538 est
519 3487 644 3551 essentia,
669 3485 777 3536 dicunto
796 3499 894 3535 nomen
915 3484 988 3534 eius:
1006 3494 1060 3532 uon
1079 3479 1149 3530 euim
1168 3493 1202 3529 ex

107 3556 235 3607 essentiis
253 3557 300 3607 sod
320 3558 494 3609 enominibus
514 3566 540 3609 et
560 3557 713 3608 efficientiis
731 3554 908 3622 intelligimus
928 3561 955 3604 et
974 3552 1087 3602 maxime
1107 3549 1222 3599 incor-r

98 3639 199 3694 porea.
237 3627 312 3678 vides
333 3644 365 3679 ex
385 3631 427 3692 iis,
448 3645 517 3696 quae
536 3629 683 3692 accedunt,
703 3628 793 3679 dicere
813 3625 890 3678 illum
910 3641 943 3676 ex
962 3621 1116 3673 efficientiis
1137 3632 1200 3670 eor.

106 3697 180 3764 poris
198 3695 281 3746 instar
299 3699 427 3764 inspectis
447 3701 505 3752 sive
525 3700 603 3751 iactis
624 3707 651 3750 et
669 3698 796 3766 operibus
815 3711 864 3748 nos
884 3694 1022 3747 declarare
1041 3693 1202 3758 incorporea

107 3776 134 3819 et
154 3780 222 3833 quae
241 3782 295 3817 uou
315 3779 467 3820 cernuntur.
505 3773 599 3838 accipe
617 3778 759 3837 praeterea
778 3783 846 3836 quae
866 3767 944 3818 etiam
965 3763 1110 3832 Gregorius
1128 3761 1200 3827 llys·

105 3854 184 3892 saeus
203 3837 240 3887 ale
258 3839 408 3889 nominibus
427 3842 514 3891 dicat:
542 3842 758 3905 naturalium,
777 3837 904 3907 quidquid
924 3843 965 3887 est
982 3835 1085 3886 ratione
1105 3847 1200 3884 essen-

105 3912 160 3962 tiae
182 3908 280 3972 habita,
300 3925 353 3960 una
373 3917 412 3959 est
430 3911 543 3977 simplex
562 3920 588 3962 et
606 3912 746 3963 uniformis
767 3919 793 3962 et
813 3907 990 3974 incomposita
1009 3914 1036 3957 et
1055 3911 1129 3956 extra
1147 3917 1200 3954 no-

106 3990 187 4034 stram
207 3979 472 4031 animadversionem.
511 3990 538 4032 et
556 3983 680 4048 quoniam
699 3983 759 4034 sola
771 3995 839 4049 quae
858 3978 1046 4045 intelliguntur
1064 3976 1200 4026 nominum

106 4052 218 4105 vocibus
237 4051 433 4119 significamus:
452 4067 520 4118 quae
539 4059 625 4102 autem
644 4068 723 4120 supra
741 4051 948 4118 intelligentiam
967 4057 1037 4111 suut,
1061 4061 1116 4098 non
1134 4057 1200 4110 pos-

106 4139 196 4178 sumus
214 4121 427 4190 significantibus
445 4121 669 4189 appellationibus
689 4123 844 4189 complecti,
862 4121 951 4172 multis
972 4128 998 4171 et
1014 4118 1130 4170 diversis
1148 4113 1200 4166 ito-

105 4196 221 4253 miuibus
240 4201 371 4264 quatenus
390 4193 457 4248 licet
472 4194 598 4247 revelare
617 4194 737 4264 cogimur
754 4195 861 4248 insitam
878 4193 957 4248 nobis
975 4192 1009 4244 de
1029 4189 1145 4242 numine
1157 4186 1201 4239 ali-

62 4283 65 4301 '
195 4295 357 4374 llisspltcrur
368 4292 478 4370 (ἕτερον.
503 4290 558 4351 Vol.
570 4289 625 4349 111.
698 4312 701 4319 ¹
981 4287 1014 4348 19
