3017 4759
321 204 395 283 504
634 202 858 271 memnoni
894 197 1127 268 aaaaoltaa

322 373 513 437 λώτττεσθαι
533 372 579 457 τῷ
594 366 723 453 Λατίνῳ
731 416 741 445 ,
765 364 800 441 ὃς
817 365 865 431 ἐπ’
890 363 1017 451 ἀδελφῇ
1037 360 1184 449 γαμβρὸς
1206 360 1383 448 ύπώρχων
1403 386 1439 449 τρι

320 478 453 558 βασιλεῖ
470 473 574 557 πάσης
596 469 786 552 ἐπετρόπευε
810 468 943 551 Λέσβου
964 468 1021 550 τῆς
1042 465 1152 549 νήσου.
1197 456 1240 527 ού
1262 463 1437 549 γενομένοι-

282 575 310 627 ⁰
322 575 420 661 ώπῇει
434 574 494 657 μὲν
508 575 564 638 καί
584 573 616 647 ἐς
629 571 784 636 Φώκαιαν
805 564 902 645 αύθις
924 567 979 634 διὰ
999 566 1054 631 τδν
1077 569 1135 631 τοῦ
1152 564 1317 651 Ὑρκανοῦ
1338 568 1436 627 παῖδα

322 673 341 741 δ
362 675 521 757 βασιλεύς,
544 674 681 755 ἐπανῆκε
704 672 734 735 δ’
759 669 852 735 οῦδὲν
871 660 916 733 ὧν
933 668 1079 753 ἐβούλετο
1101 666 1299 752 πεπραχώς.
1344 664 1437 729 καὶὸ

192 773 309 834 Ηῧῖί·
319 774 443 859 χειμών
464 777 498 840 ἐν
518 756 638 849 τούτοις
658 773 812 836 ἐτελεύτα.
854 767 1127 854 ἐπανεληλυθότος
1148 771 1177 832 δ’
1199 769 1235 843 ἐς
1252 768 1451 847 Βυζώντιοτῡ

322 872 418 953 αὖθις
448 879 505 941 τοῦ
535 872 695 957 βασιλέως
722 874 862 948 ἐκεῖθεν,
891 866 972 956 ἦρος
1006 867 1068 955 ἤδη
1099 868 1304 955 ἀρχομένου,
1329 869 1435 954 κατῄει

320 978 376 1044 καί
397 974 415 1042 ὅ
436 976 602 1061 βάρβαρος
632 970 779 1057 Ὑρκανὸς
800 973 835 1035 ἐκ
867 974 931 1035 τών
953 968 1162 1055 ύψηλοτέρων
1187 971 1249 1052 τῆς
1271 970 1434 1042 Βιθυνία

319 1080 427 1163 μεριῦν
461 1072 539 1160 ῦχρι
567 1076 630 1138 τών
656 1072 826 1157 παραλίων
855 1075 911 1154 τῆς
941 1070 1167 1155 Χαλκηδονίοις
1187 1069 1364 1154 ἠπείρου,
1385 1070 1433 1133 καί
1464 1089 1465 1134 l

320 1176 479 1261 ώμιλησεν
511 1177 633 1239 ἐκεῖθεν
660 1176 706 1259 τῷ
734 1176 868 1255 βασιλεῖ
895 1172 951 1236 καί
979 1172 1244 1255 ἐκοινολογήσατο
1280 1170 1431 1254 περὶτοῦ
1464 1172 1465 1204 ss

319 1276 415 1351 υἱέως
438 1270 542 1352 αὖθις,
565 1273 619 1337 οὖν
641 1271 898 1357 αύτοπροσώπως
917 1269 1000 1335 ἀλλὰ
1020 1274 1061 1336 δι’
1085 1270 1228 1335 ἀκατίων
1249 1269 1316 1333 καί
1338 1269 1451 1354 noio-¹1

319 1381 402 1461 βεων
428 1372 489 1439 vino
511 1372 652 1458 βραχέος
673 1372 758 1437 πάνυ
785 1373 843 1436 τοῦ
865 1369 1093 1454 διαστήματος,
1113 1370 1282 1455 ἐγγυτέρω
1304 1368 1429 1454 γενομέ-

320 1500 377 1542 νου
399 1477 456 1540 τοῦ
475 1475 636 1558 βασιλέως
670 1470 724 1538 διδ
757 1472 923 1559 ῥαστώνην
957 1474 1013 1555 τῆς
1030 1472 1161 1557 χρείας,
1185 1472 1245 1535 καί
1265 1470 1358 1553 μετὰ
1378 1476 1429 1534 τών

321 1576 446 1641 οἰκείων
458 1573 564 1639 ἐπάνω
586 1575 651 1638 τοῦ-
664 1576 785 1658 πύργου
807 1571 864 1656 τὴν
877 1570 994 1657 σκηνὴν
1006 1570 1199 1655 πηξαμένου,
1228 1567 1266 1647 ὃς
1290 1572 1329 1635 ἐν
1348 1573 1426 1654 με’σιγ

318 1680 374 1761 τῆς
402 1671 521 1757 μεταξύ
552 1674 712 1758 θαλάττης
744 1675 780 1737 ἐκ
812 1674 953 1735 παλαιοῦ
973 1668 1120 1756 πεπηγώς
1134 1669 1265 1757 ”Auula
1290 1677 1427 1734 καλεῖται

285 1775 402 1861 ἳπρδς
422 1776 620 1856 Βυζαντίων.
664 1773 725 1840 ὅσα
746 1775 805 1857 μὲν
836 1768 893 1837 σύν
913 1773 969 1849 καί
992 1765 1045 1836 οἷα
1073 1767 1113 1856 ἦν
1136 1770 1219 1857 ἅπερ
1242 1774 1366 1858 σφίσιν
1389 1770 1450 1835 εἶ’-ιλ

321 1877 418 1961 ρηταί
436 1900 469 1941 τε
488 1877 543 1941 καί
565 1877 751 1960 ἐπήγγελται
770 1878 941 1959 τηνικαῦτα
957 1872 1011 1939 διὰ
1024 1878 1087 1939 τών
1103 1871 1225 1957 μεταξύ
1249 1874 1425 1958 πρέσβεων,

318 1976 443 2067 ἡμέρας
471 1977 666 2061 ιῖνηλωκύσιν
698 1978 838 2041 ἐνταῦθα
857 1983 962 2061 τρεῖς,
993 1976 1049 2041 καί
1068 1976 1138 2051 οἵας
1154 1974 1245 2060 πρὸς
1271 1975 1426 2058 ἀλλήλους

319 2080 376 2155 τώς
396 2103 430 2143 τε
453 2078 611 2157 δεξιώσεις
631 2078 686 2142 καί
702 2077 942 2164 φιλοφροσύνας
958 2082 1154 2161 πεποιήνται,
1173 2075 1236 2139 οῦκ
1255 2076 1426 2161 ἀναγκαῖοι

320 2181 470 2258 διεξιέναι
493 2184 570 2244 καθ’
590 2180 726 2246 ἕκαστα·
750 2255 753 2260 .
778 2176 813 2243 τδ
838 2181 866 2243 δ’
886 2172 941 2242 οῦν
961 2181 1017 2263 τῆς
1037 2180 1164 2242 ἐνταῦθ’
1188 2174 1327 2259 ύμιλίας
1349 2202 1424 2259 συμ-

277 2300 281 2309 “
318 2279 470 2366 πέρασμα
494 2278 548 2366 ἦν,
582 2279 632 2347 ὅτι
666 2278 842 2345 δεδώκασιν
877 2278 1022 2362 ἀλλήλοις
1056 2277 1168 2363 ἐγγύας
1203 2277 1261 2361 ἐπὶ
1285 2273 1466 2362 θυγατρὶλῖΙῚ

318 2378 472 2464 γενέσθαι
495 2378 641 2466 γαμβρὸν
674 2382 722 2467 cogi
753 2384 887 2463 βασιλεῖ
908 2378 962 2443 τὸν
992 2378 1349 2463 ἐλευθερωθησύμενον,
1376 2380 1436 2461 τοῦΙ
1466 2383 1468 2460 l

314 2476 466 2563 Ὑρκανοῦ
486 2483 610 2559 παῖδα,
642 2480 697 2545 καί
720 2478 788 2561 ἅμα
809 2474 891 2544 εἶναι
910 2483 1064 2565 διηνεκεῖς
1090 2479 1145 2542 καί
1168 2476 1320 2553 ἀλύτους.
1333 2502 1424 2543 σπον-

320 2578 379 2655 δὰς
399 2580 516 2662 μεταξύ
534 2579 704 2665 Ῥωμαίων
724 2604 759 2647 τε
781 2581 837 2646 καί
856 2581 1042 2666 βαρβάρων.
1095 2578 1175 2644 κᾶπί
1195 2579 1326 2655 τούτοις
1347 2578 1423 2661 χρη-

316 2703 404 2760 ματα
427 2680 564 2766 εἰληφώς
600 2679 789 2765 ύβασιλεύς
821 2681 877 2746 ούκ
907 2681 999 2767 ὀλίγα
1026 2678 1106 2766 πρός
1126 2703 1160 2744 τε
1196 2682 1256 2745 τοῦ
1275 2678 1423 2764 Ὑρκανοῦ

320 2920 379 2966 ctae
399 2921 524 2981 praeerat
543 2912 648 2969 inaalae
666 2916 765 2970 Lesbo.
808 2932 877 2986 qnae
905 2930 986 2985 qnam
1005 2914 1075 2968 lacta
1095 2900 1205 2979 cavent,
1224 2914 1255 2966 in
1274 2912 1421 2967 Phocaea·

319 2985 354 3037 ob
374 2984 492 3052 Hyrcani
510 2986 593 3038 lilium
612 3004 660 3039 rex
686 2989 775 3040 rediit.
811 2988 1022 3056 necquicquam
1043 3000 1134 3038 eorum
1160 3000 1229 3053 quae
1248 2985 1367 3038 volebat
1382 2988 1421 3037 in.

318 3057 417 3109 fectum
443 3057 564 3126 reliquit.
609 3067 635 3110 ct
658 3058 743 3111 hieme
772 3058 814 3111 laia
838 3059 918 3111 rebat
942 3059 1025 3110 linita.
1075 3058 1137 3109 inde
1164 3057 1327 3124 Byzantium
1347 3074 1420 3126 quun

316 3144 364 3180 rex
383 3128 522 3192 rediisset,
548 3130 633 3195 primo
662 3132 712 3182 iam
733 3147 813 3195 vcro,
834 3130 972 3198 llyrcauua
996 3128 1123 3181 barbarae
1143 3144 1176 3179 ex
1194 3127 1258 3179 altio
1278 3128 1420 3196 Bithyniae

214 3235 218 3243 ·
318 3197 437 3266 partibus
455 3214 540 3266 uvqne
566 3202 597 3251 ad
620 3200 842 3253 chalcedonicam
870 3217 942 3253 oram
970 3201 1107 3268 prolectas
1134 3206 1174 3251 eat
1195 3206 1223 3250 et
1242 3198 1347 3251 ibidem
1366 3216 1419 3251 cun

317 3284 383 3336 rege
402 3268 553 3320 collocutus
585 3280 612 3322 ct
631 3272 772 3324 consilium
797 3274 830 3325 (la
856 3272 912 3325 lilio
940 3272 1162 3334 communicavit,
1190 3284 1245 3321 non
1275 3272 1339 3336 ipae
1362 3274 1419 3340 qni.

315 3340 393 3401 dem,
423 3339 470 3390 aad
500 3354 549 3406 par
569 3342 681 3409 scaphas
701 3352 728 3395 ct
748 3344 870 3411 legatos,
899 3359 977 3411 quum
1004 3343 1087 3395 breve
1112 3349 1211 3393 tantum
1238 3342 1356 3408 epatium
1376 3358 1419 3394 rex

317 3409 422 3461 abeaact
450 3418 559 3477 propter
589 3415 629 3464 cci
656 3414 806 3467 levitatem.
857 3422 884 3466 ct
911 3430 970 3465 cam
995 3415 1050 3465 ania
1080 3427 1160 3479 cupra
1184 3428 1274 3463 arcem
1306 3414 1418 3464 domici.

316 3480 381 3533 lium
411 3480 576 3546 collocavit,
602 3500 670 3551 quae
704 3488 768 3537 mari
798 3486 958 3538 circumdata
992 3493 1019 3536 et
1052 3485 1161 3551 antiqno
1190 3493 1314 3550 tempore
1349 3486 1418 3537 lirina

316 3551 399 3606 Arcla
418 3569 433 3604 a
453 3552 589 3620 Byzantiis
608 3556 803 3608 nominabatur.
842 3572 910 3625 quae
929 3556 1072 3625 qualiaque
1092 3548 1201 3618 inerint,
1220 3570 1292 3622 quae
1310 3555 1346 3606 ab
1367 3556 1417 3607 illis

318 3625 388 3675 (licta
407 3632 468 3675 aunt
486 3627 660 3695 nuntiataque
680 3642 728 3693 per
746 3627 852 3697 legatos
871 3628 973 3694 tribua,
993 3626 1086 3696 quales
1113 3625 1229 3677 honoret
1248 3633 1277 3676 et
1295 3626 1417 3678 beneco.

318 3695 418 3746 lentiae
439 3696 596 3749 documenta
617 3698 667 3751 eibi
686 3697 802 3750 iriviccm
825 3700 955 3762 dederint,
973 3714 1027 3751 uon
1048 3712 1115 3765 opat
1135 3706 1175 3747 eat
1192 3697 1353 3764 singulatim
1374 3714 1414 3749 rc.

317 3765 398 3817 serre.
449 3768 508 3819 fluia
543 3778 629 3820 autem
658 3769 788 3838 colloquii
819 3779 892 3834 crat,
917 3778 1055 3838 poatquam
1089 3765 1202 3836 pignora
1230 3767 1284 3819 ribi
1303 3771 1415 3821 invicem

316 3836 446 3889 dederont
474 3848 585 3905 propter
610 3841 689 3892 liliam
715 3849 744 3893 ut
773 3856 851 3894 vocar
875 3842 949 3909 regia
975 3843 1079 3893 intuma
1105 3847 1177 3891 aaaet
1203 3838 1324 3905 Hyrcani
1350 3841 1415 3892 lilius

315 3907 343 3957 in
363 3904 512 3959 libertatem
532 3913 680 3975 reatitutna,
701 3920 727 3963 et
739 3921 869 3980 perpetua
887 3920 968 3981 atque
979 3914 1132 3979 incorrupta
1149 3911 1259 3961 loedere
1277 3912 1415 3963 intenlio.

314 3990 407 4029 manoe
437 3986 464 4029 ct
481 3978 607 4032 barbaros
627 3991 725 4035 caveat.
764 3992 904 4050 praetcrea
934 3983 1029 4051 opibus
1059 3982 1177 4049 acceptia
1197 3995 1253 4033 non
1270 3984 1367 4049 pancio
1385 3982 1414 4033 ab

317 4047 441 4114 llvrcano
461 4057 489 4100 et
506 4049 655 4117 Byzantiis,
673 4056 718 4122 qui
738 4069 848 4107 coenam
868 4054 977 4122 publice
996 4052 1173 4117 celebrarant,
1192 4068 1242 4104 rex
1260 4052 1350 4121 plenia
1367 4070 1414 4105 ve.

317 4116 351 4173 lla
370 4120 398 4173 in
420 4119 568 4189 Phocaeam
595 4126 767 4196 renavigavit
799 4134 826 4179 ct
855 4125 950 4195 opibna
969 4124 1098 4182 Calodoto
1124 4124 1182 4177 iera
1209 4122 1288 4178 mille
1314 4131 1412 4178 centon
