3017 4759
296 210 368 287 tto
419 220 422 225 ·
593 209 816 282 υιουυιιοιυ
846 210 1077 281 onnoonaa
1172 286 1178 294 .
1256 248 1265 255 ·

297 379 327 443 δ’
348 375 537 462 οὐδετέρως,
561 374 678 460 τρόπον
702 374 736 441 δέ
756 398 827 439 τινα
855 374 1130 463 τερατωδέστερον
1150 377 1208 443 κατ’
1232 376 1422 445 α’λλόκοτον

296 476 378 549 κατὰ
398 476 454 563 τὴν
476 472 616 543 έκόστων
635 477 810 544 ἀδέσποτον
825 479 997 563 βούλησιν,
1020 472 1122 563 οἶμαι,
1141 482 1198 544 τοῦ
1218 482 1310 545 θεοῦ
1337 506 1420 566 συμ-

297 580 514 666 κεχωρηκότος
543 582 587 655 εἰς
618 582 709 645 τοῦτο
731 582 845 657 κακίας
868 580 1007 668 ῥαγῆναι
1024 578 1206 664 Ῥωμαίους
1241 578 1336 658 ὥστε
1363 581 1420 646 τόν

297 681 387 747 ἔνδον
406 684 463 766 τῆς
484 683 594 765 ψυχῆς
621 683 766 765 χειμῶνα
788 682 845 746 καί
865 680 921 765 τὴν
941 682 1027 765 ,περί
1044 679 1085 745 τό
1108 685 1184 744 θεῖα
1206 686 1268 766 τῆς
1291 684 1418 767 ἐκκλη-

163 795 183 850 l.
194 798 245 853 ttt
258 814 284 853 τ.
297 784 370 859 σιάς
392 780 534 868 δόγματα
556 782 701 866 ποικίλην
718 781 815 866 ξόλην
833 782 890 846 καί
911 782 1068 847 όστασίαν
1086 779 1139 845 διὰ
1159 786 1222 847 τιῦν
1246 781 1316 862 ἔξω
1343 792 1438 847 τοι-5

296 884 395 949 οότων
408 883 580 968 σχημάτων
603 885 790 967 δηλοῦσθαι,
812 882 868 947 καί
886 885 978 968 σφυῦν
996 881 1101 947 αὐτῶν
1122 881 1239 959 αύτούς
1263 883 1414 949 αὐτόθεν

296 978 378 1048 εἶναι
399 983 615 1069 κατηγόρους,-
646 985 679 1047 έκ
703 984 828 1069 πραότης
854 980 950 1057 εύθῦς
974 978 1082 1063 ὄψειός
1104 1006 1138 1047 τε
1159 982 1216 1049 καί
1237 985 1411 1064 ἐντυχίας.

226 1084 350 1158 aanor*
373 1080 482 1166 ὥσπερ
515 1082 568 1149 ἐπὶ
597 1083 775 1167 θαλάττης,
807 1079 938 1147 ἐπειδὰν
965 1085 1028 1146 τῶν
1049 1082 1214 1168 σφετέρων
1249 1083 1411 1169 ἀγκυρῶν

293 1182 532 1267 όρφανισθεῖσα
562 1184 639 1258 ναῦς
665 1183 797 1267 ἐξωσθῆ
826 1177 970 1267 πρδςτό
1002 1181 1154 1266 πέλαγος,
1187 1184 1320 1267 μυρίας
1351 1184 1410 1248 καὶ

295 1282 509 1367 ότεκμόρτους
526 1281 637 1347 α’ντλεῖ
653 1280 708 1358 τὰς
728 1283 849 1359 πλύνας
861 1285 917 1348 καί
932 1281 1004 1363 τοὺς
1019 1284 1192 1359 κινδύνους,
1214 1281 1304 1349 οὕτω
1326 1283 1407 1349 κόν·
1418 1296 1446 1349 rt

292 1386 398 1448 ταῦθα
430 1376 499 1459 ἑνός
528 1382 659 1448 ιῖτόπουζ
678 1383 843 1461 δοθέντος,
869 1385 973 1476 μυρία
1001 1381 1046 1448 τὰ1
1063 1379 1164 1447 ῦτοπα
1185 1382 1407 1471 Ιἠκολούθησε,

293 1479 505 1569 πριῦτονμξμ
534 1483 554 1569 ἦ
583 1488 646 1550 ταῖν
670 1485 829 1570 μεγίστων
855 1486 889 1549 ἐκ
918 1486 1059 1549 παλαιοῦ
1088 1484 1144 1550 καί
1172 1486 1407 1571 περιβλέπτων

293 1588 457 1651 παλατίων
477 1586 534 1652 καί
555 1584 626 1653 ύσοι
656 1590 719 1651 τῶν
740 1585 862 1664 τούτοις
877 1586 1111 1671 παραπλησίως
1141 1588 1281 1664 ἐνδόξων
1304 1586 1407 1652 οἴκων

293 1688 502 1773 καθαίρεσις,
532 1688 587 1752 καί
616 1686 683 1771 ἅμα
711 1686 732 1773 ἦ
760 1691 823 1753 τιῦν
850 1688 963 1752 κιόνων
995 1688 1134 1753 καὶτῶν
1155 1686 1326 1753 ἐπιπέδων
1348 1688 1407 1753 καί

294 1789 446 1855 ποικιλων
466 1790 522 1853 rai
556 1789 750 1871 θαυμασίων
784 1787 968 1876 μορμύρων
999 1789 1270 1875 πιπρασκομένων
1291 1792 1445 1874 διηνε-15

294 1888 350 1974 κῆς
371 1889 451 1977 πρός
471 1888 506 1955 td
520 1892 550 1957 Γ
552 1890 759 1973 αλατούνυμον
781 1894 938 1977 φρούριον
960 1892 1124 1977 όπαγωγή,
1146 1891 1202 1955 καί
1221 1889 1244 1975 ἦ
1265 1895 1328 1975 τῆς
1351 1894 1405 1956 έν-

292 1993 404 2055 τεῦθεν
422 1994 556 2076 χάριτος
584 1992 686 2057 ἐκεῖσε
716 1991 909 2073 μετόθεσις,
936 1991 993 2055 καί
1027 1990 1089 2057 όσοι
1116 1992 1235 2074 κόσμον
1259 2000 1405 2077 παρεῖχε

291 2094 333 2177 τῇ
353 2092 484 2178 μεγίστη
515 2092 612 2177 ταύτῃ
636 2093 698 2155 τιῦν
718 2090 843 2155 πόλεων
869 2090 925 2156 καί
953 2091 1141 2177 περιβόητον
1165 2089 1221 2175 τὴν
1243 2094 1402 2178 λαμπρό-

199 2274 201 2277 ¹
292 2216 386 2275 τητα·
432 2186 500 2257 εἶτα
521 2195 584 2257 τῶν
605 2190 701 2277 ιἐρῶν
717 2193 774 2258 καί
785 2193 893 2257 -θείων
913 2195 994 2257 νειῦν
1015 2191 1130 2257 ὁπόσοι
1149 2195 1263 2275 μεῖζον
1284 2198 1404 2279 πολληῑ

291 2295 347 2376 τῆς
367 2295 431 2357 τιῦν
451 2290 554 2381 ,οἴκων
581 2294 709 2357 ἐκείνων
729 2290 941 2379 περιφανείας
972 2301 1127 2379 παρεῖχον
1154 2295 1197 2381 τῇ
1232 2294 1330 2359 πόλει
1362 2293 1439 2367 edm

291 2394 390 2471 κλέος.

221 2534 281 2587 50
393 2499 459 2561 Τοῦ
478 2500 507 2561 δ’
529 2492 608 2585 η’ρος
630 2497 811 2583 ἀρχομένου
833 2495 856 2565 δ,
871 2500 936 2562 τοῦν
949 2498 1139 2583 Τριβαλλῶν
1161 2494 1303 2581 ἀρχηγός
1326 2498 1397 2562 ἐτε-

290 2592 401 2679 θνήκει
426 2598 560 2683 Κρόλης
581 2598 728 2683 Σερβίοις,
750 2596 807 2663 καί
827 2596 971 2683 θόρυβον
991 2595 1069 2677 ἔσχε
1087 2598 1145 2661 καί
1167 2595 1265 2681 ζόλην
1285 2597 1395 2661 ἐντεῦ·

285 2899 364 2953 modo
382 2906 505 2951 nentrum
530 2899 624 2953 horum
645 2900 790 2969 praeferre·
800 2898 945 2966 sidereus,
973 2902 1020 2954 sed
1041 2900 1123 2954 alium
1140 2901 1227 2970 magis
1245 2900 1391 2955 absurdam

288 2980 314 3025 et
333 2973 504 3049 peregrinum
523 2972 746 3041 prosingulorum
766 2972 836 3025 libiti
854 2974 1016 3043 arrogantia.
1037 2989 1114 3041 quam
1130 2973 1163 3023 ad
1183 2974 1390 3057 papvemitatem
1469 3017 1470 3024 ,

287 3043 420 3097 Romanos
438 3042 492 3095 labi
509 3053 539 3095 ut
553 3058 604 3111 ego
625 3045 730 3111 quidem
741 3046 837 3111 opinor
854 3046 919 3097 deus
937 3053 1082 3111 propterea
1101 3044 1211 3111 patitur,
1231 3051 1260 3095 ut
1279 3046 1389 3097 animo.

284 3130 341 3167 rum
359 3114 518 3180 pravitatem
538 3122 564 3167 et
581 3115 770 3167 vehementem
783 3125 892 3183 propter
910 3117 1002 3167 divina
1021 3114 1155 3168 ecclesiae
1173 3115 1297 3181 dogmata
1316 3123 1388 3167 tem.

286 3192 415 3253 pestatem
436 3193 463 3236 et
481 3185 659 3237 turbationem
680 3202 712 3238 ex
729 3188 877 3239 istiusmodi
905 3188 1023 3239 externis
1044 3186 1125 3238 rebus
1150 3195 1336 3257 cognoscant,
1358 3196 1387 3239 et

284 3264 429 3324 propterea
455 3264 484 3307 ut
509 3258 665 3324 semetipsi
695 3259 819 3310 incusant
842 3258 929 3310 statim
959 3258 1096 3324 exprimo
1123 3258 1221 3308 intuita
1256 3265 1283 3308 et
1311 3274 1388 3310 cara.
1469 3263 1470 3320 ᾗ

286 3326 504 3397 quemadmodum
524 3335 611 3379 nutam
631 3330 658 3380 io
677 3330 753 3393 mari,
773 3330 877 3397 quando
892 3330 999 3383 ancoris
1016 3330 1071 3381 suis
1090 3328 1183 3379 orbata
1203 3336 1243 3379 est
1260 3330 1339 3381 navis
1358 3330 1388 3381 in

285 3398 367 3451 altum
388 3412 420 3458 ea
439 3399 560 3465 proiecta
579 3399 730 3451 innumeras
764 3409 791 3451 et
814 3401 929 3453 infinitas
961 3400 1109 3451 errationes
1130 3408 1158 3451 et
1179 3399 1299 3469 pericula
1326 3400 1386 3464 init,

284 3473 321 3523 ita
339 3469 408 3538 apud
433 3466 497 3521 illos
525 3470 604 3520 unius
626 3472 667 3521 rei
693 3472 872 3538 perversitate
890 3479 1015 3538 recepta,
1041 3470 1109 3522 hane
1133 3469 1290 3521 innumerae
1315 3470 1387 3522 aliae

285 3550 395 3595 secutae
413 3548 483 3593 suot.
522 3542 633 3608 primum
656 3543 724 3592 enim
738 3542 901 3609 amplissima
919 3543 1028 3610 antiqua
1046 3550 1073 3593 et
1091 3541 1267 3593 celeberrima
1287 3541 1386 3608 palatia

285 3612 382 3667 etalio
401 3628 487 3682 aeque
506 3612 644 3680 splendida
662 3613 786 3665 aedificia
804 3614 938 3665 destructa
950 3620 1021 3677 sunt,
1041 3621 1069 3664 et
1089 3612 1269 3664 columnarum
1289 3621 1317 3664 et
1335 3628 1386 3679 pa.

284 3686 461 3738 vimentorum
480 3684 573 3752 pulcra
591 3693 618 3737 et
638 3685 755 3737 miranda
774 3698 904 3737 marmora
923 3685 1031 3751 aeudita
1052 3692 1078 3736 et
1098 3684 1226 3735 continuo
1249 3684 1282 3735 ad
1301 3683 1385 3737 Gala.

283 3755 369 3808 torum
389 3755 528 3808 castelium
547 3763 743 3824 transportata,
769 3758 860 3825 itaque
880 3756 942 3807 hino
961 3755 1027 3807 illac
1054 3755 1142 3807 omnia
1159 3762 1316 3807 ornamenta
1335 3755 1386 3807 de.

284 3827 339 3879 lats
358 3834 428 3889 sunt,
450 3834 477 3877 et
496 3826 549 3878 alia
568 3844 636 3895 quae
659 3828 750 3883 decori
771 3835 846 3879 erant
867 3826 929 3879 huic
948 3827 1008 3879 urbi
1027 3826 1206 3894 amplissimae
1229 3834 1257 3877 et
1275 3835 1384 3894 propter

282 3897 452 3966 splendorem
474 3900 590 3948 omnium
610 3914 657 3951 ore
676 3898 820 3951 celebrata.
859 3900 975 3968 denique
993 3898 1063 3950 idem
1080 3898 1177 3950 accidit
1190 3896 1276 3949 sacris
1295 3905 1324 3949 et
1341 3898 1384 3951 di.

282 3969 354 4022 vinis
373 3967 490 4035 templis,
512 3984 581 4036 quaa
599 3970 682 4022 multo
702 3972 829 4023 maiorem
850 3986 928 4039 quam
948 3968 1130 4023 aedificiorum
1149 3968 1258 4024 illorum
1278 3970 1384 4039 magni.

285 4041 394 4095 licentia
412 4038 472 4092 urbi
493 4038 669 4108 praebuerant
688 4042 884 4094 claritudinem.

385 4136 475 4189 Primo
501 4150 567 4189 vere
590 4137 765 4192 Triballorum
792 4143 919 4211 princeps
946 4142 1014 4197 obiit
1035 4140 1129 4198 crates
1155 4140 1277 4196 derbiae.
1293 4167 1299 4174 ·
1314 4142 1383 4195 unde
