3017 4759
292 237 366 312 336
598 245 823 314 mutationi
860 239 1092 310 draconta

291 429 351 470 στα
371 402 496 469 πάντων
527 406 669 473 ἐνταῦθα
700 409 776 492 περί
795 409 911 494 σοφίας
947 400 1230 526 φιλοσοφήσαντα,
1251 424 1304 464 ιιαι
1300 395 1410 468 διε-

292 505 384 570 λόντα
411 509 524 592 σοφάς
557 504 709 593 ἑκάτερα,
738 508 797 590 τήν
825 530 858 572 τε
888 507 1009 591 σοφίαν
1031 500 1087 588 τήν
1119 494 1276 589 άιιτιστον,
1297 489 1383 564 δι’
1364 523 1407 584 ης

291 606 348 672 ιιαί
371 610 404 673 ἐν
433 599 454 695 ή
482 608 520 673 τά
554 611 656 673 πάντα
691 613 812 693 γέγονε,
842 633 894 673 και
925 597 970 671 αδ
997 603 1053 690 τήν
1083 604 1137 670 ὑπ’
1157 605 1255 690 αδτής
1276 627 1330 667 κατ
1327 601 1403 664 “’δι

247 771 250 779 ,
290 699 391 791 αότής
404 712 666 794 συνυφανθεῑσαν
679 711 734 772 καί
745 713 955 773 συντεθεῖσαν
968 706 1094 793 οὐρανῷ
1107 708 1161 771 καί
1181 709 1222 792 μή
1241 707 1296 768 καί
1315 705 1402 766 πᾶσι

245 852 261 870 .
289 811 440 926 τεχνιτιρὶς
463 832 496 873 τε
525 812 580 873 καί
606 814 714 931 σοφοῖς
736 817 802 884 τοῖς
831 813 991 890 κτίσμασι,
1012 804 1111 890 ψιλήν
1132 809 1189 870 νιοί
1211 802 1433 886 decubare-5

289 932 340 974 τον
363 907 506 993 φάμενον
524 913 597 974 καθ’
617 907 719 992 αότήν
741 911 897 982 ineffectus

191 1020 279 1076 101
385 1007 455 1074 Ἐπί
474 1008 512 1094 δή
535 1009 658 1086 τούτοις
678 1014 733 1074 καί
754 1017 820 1088 τοϊς
841 1006 996 1086 τοιοότοις
1019 1009 1119 1126 πολής
1134 1010 1248 1094 ίφεξής
1273 1004 1404 1090 όΓρή-

288 1113 385 1192 φοράς
407 1109 505 1196 ἐρρόή
528 1117 731 1195 κατατρέχων
756 1114 923 1190 Παλαμάν
947 1134 978 1174 τι
1008 1106 1108 1173 ου’τόν
1135 1112 1191 1174 καί
1212 1108 1268 1184 τάς
1292 1105 1405 1170 αὐτοῦ

288 1214 506 1297 βλασφημίας,
526 1210 694 1295 ἀλλότριον
706 1208 882 1295 ἐπιστήμης
904 1210 1029 1294 άπάσής
1048 1206 1171 1287 δεικνὺς
1185 1211 1240 1292 τής
1255 1232 1288 1272 τε
1311 1207 1402 1292 ἦμε-

290 1312 383 1391 τίρας
406 1309 460 1374 καί
480 1315 638 1393 θύραθεν.
684 1312 724 1374 δι’
748 1309 770 1374 d
791 1312 978 1386 καίίιαιιίας
999 1301 1130 1394 όργανου
1149 1311 1305 1391 γεγονέναι
1333 1305 1446 1395 (ip-10

290 1411 367 1486 δίως
389 1408 488 1475 ου’τόν
510 1413 658 1494 ἐβεβαίου
668 1433 700 1475 τε
724 1409 780 1474 καί
794 1415 1011 1495 συνεπὲραινε,
1033 1398 1087 1490 τής
1110 1410 1251 1493 α’ληθοός
1272 1412 1399 1493 σοφίας

289 1507 425 1590 εἰσάπαξ
449 1511 652 1594 ἀπερρωγότα
671 1516 726 1576 ναί
739 1509 1005 1592 ’ἐκτετοπισμίυοπ
1059 1505 1134 1574 ὅθεν
1155 1507 1171 1572 ό
1193 1506 1399 1592 βαρόστυνος

148 1613 171 1672 1.
189 1617 243 1673 sot
252 1633 279 1672 v.
289 1610 407 1686 ἐκεῖνος
427 1610 481 1675 νιαί
502 1611 664 1694 α’λιτήριος
690 1615 817 1694 πληγείς
846 1611 905 1694 τήν
936 1614 1070 1695 καρδίαν
1093 1613 1147 1673 καί
1166 1599 1232 1672 οἷον
1253 1606 1400 1690 ἐμβρόν-

288 1734 378 1798 τήτος
398 1710 533 1795 γεγονός
549 1713 626 1794 ἐβόα
642 1735 673 1777 τε
698 1712 862 1795 οἷοελγιός,
883 1710 920 1777 τά
945 1713 1069 1796 συνήθη
1093 1708 1222 1796 φόρδήν
1236 1707 1291 1772 ιιαί
1311 1733 1401 1790 συγ-

288 1816 668 1896 κιχυμίνωςσυνείροσν,
700 1815 756 1875 καί
782 1804 847 1876 οἷον
878 1815 976 1878 εἰπεῖν
995 1809 1144 1896 ἒμεμήνει
1167 1806 1201 1874 τό
1225 1809 1442 1891 addoppiu.15

288 1910 338 1974 διό
362 1915 417 1976 ιιοιί
438 1910 454 1975 ό
473 1910 625 1995 βασιλεός
647 1912 747 1977 οἱονεί
762 1937 827 1988 πως
852 1915 953 1978 odacri
975 1907 1178 1998 φειδόμενος,
1203 1908 1314 1993 πράως
1339 1914 1399 1975 καί

287 2008 366 2094 μετά
384 2013 503 2094 σεμνοῦ
524 2014 734 2096 μειδιάματος
748 2017 902 2099 στραφείς
917 2010 994 2098 πρός
1019 2009 1074 2077 τόν
1092 2016 1121 2077 Γ
1120 2015 1269 2098 ρηγσράυ,
1284 2009 1398 2096 ήσυχῇ

288 2136 353 2189 πως
375 2113 431 2179 καί
450 2108 533 2196 ,ὅσον
561 2114 606 2198 μή
630 2116 842 2195 τ’ξαιιοόεσθαι
872 2113 952 2197 πρός
967 2112 1029 2178 ’τόν
1050 2115 1236 2195 Παλαμάυ,
1255 2105 1395 2196 παρῄνει

287 2239 321 2279 τε
342 2218 398 2280 καί
418 2216 628 2299 συνεβούλευε
650 2220 834 2300 πραοτὲρως
854 2213 1046 2280 αότιδιδόναι
1063 2213 1139 2291 νοός
1160 2211 1272 2296 λόγους
1293 2210 1396 2296 αὐτῷ,

167 2305 177 2312 ’
247 2371 250 2378 .
286 2312 331 2399 μή
345 2341 376 2379 τι
398 2317 454 2380 καί
476 2312 563 2403 πάθῃ
577 2321 641 2381 ταῖν
661 2315 834 2400 α’δοιιήτων.
859 2310 877 2377 ό
898 2318 927 2379 δ’
943 2313 1046 2380 ζἔσται
1060 2314 1155 2380 τοότ”
1174 2305 1439 2396 &naupredae-20

287 2437 339 2490 νος
360 2413 519 2501 ἐσιοόπήσε
542 2420 599 2480 τοῦ
623 2418 747 2480 λοιποῦ.

190 2525 275 2580 1⁰⁸
378 2509 471 2600 Ὅγε
503 2517 567 2600 μήν
589 2518 755 2596 Παλαμοῖς
786 2515 843 2601 τήν
871 2510 989 2582 ἑαυτοῦ
1007 2514 1200 2599 βουλόμενος
1221 2509 1265 2578 ἔτι
1288 2518 1395 2578 πολυ-

166 2803 181 2817 ”
285 2816 409 2872 admirari
434 2816 576 2871 niaximum
601 2817 678 2870 illum
706 2818 824 2872 divinum
845 2818 952 2888 pietatis
977 2826 1195 2886 praeceptorem,
1224 2817 1295 2886 quod
1322 2811 1390 2884 pul.

286 2888 419 2944 cberrime
447 2891 563 2942 omnium
596 2890 641 2941 bic
665 2891 698 2944 de
731 2892 864 2958 sapientia
895 2888 1099 2957 philosophatus
1125 2897 1166 2942 est
1201 2897 1228 2940 et
1250 2889 1391 2956 sapienter

286 2970 428 3030 utrumque
446 2963 574 3026 secrevit,
595 2963 753 3029 sapientiam
772 2961 894 3013 nimirum
914 2962 1068 3027 increatam,
1087 2976 1138 3029 qua
1161 2967 1188 3011 ct
1206 2961 1232 3011 iu
1252 2975 1304 3028 qna
1322 2960 1388 3010 uni.

284 3050 364 3086 versu
390 3035 461 3085 lucta
479 3041 560 3095 suut,
586 3041 612 3083 et
640 3049 731 3086 rursus
756 3032 868 3085 alteram
891 3031 924 3084 ab
951 3049 982 3084 ea
1008 3041 1034 3084 et
1062 3048 1109 3098 per
1139 3046 1197 3082 earn
1215 3032 1345 3096 intextam
1363 3037 1390 3081 ct

285 3106 458 3172 compositam
479 3105 557 3155 coelo
579 3113 606 3155 et
623 3114 711 3157 terrae
731 3113 757 3156 et
777 3104 897 3156 omnibus
916 3105 1013 3155 creatis
1037 3103 1183 3154 artificiose
1204 3111 1231 3154 et
1251 3102 1388 3168 sapienter

284 3191 363 3245 quant
382 3184 489 3226 tenuem
508 3175 573 3226 dicit
592 3183 620 3227 et
639 3176 802 3228 substantiae
824 3183 958 3227 carentem
978 3191 1026 3241 per
1045 3191 1075 3227 se
1095 3175 1295 3243 cogitationem.

383 3270 424 3322 Ad
444 3269 511 3320 baec
533 3277 559 3320 ct
577 3270 641 3322 talia
657 3272 754 3323 deinde
773 3271 906 3342 Gregoras
923 3270 1018 3322 multas
1039 3286 1099 3323 suas
1119 3270 1289 3322 inl'alamnm
1310 3269 1387 3322 cius-

284 3357 337 3410 que
357 3341 481 3395 convicia
500 3340 592 3392 effudit
609 3343 821 3395 insectationest
849 3359 907 3394 cum
927 3342 1081 3394 ostenderet
1108 3342 1225 3394 alienum
1246 3356 1304 3392 eum
1324 3356 1387 3392 esse

283 3413 317 3464 ub
336 3412 406 3463 omni
426 3412 539 3463 scientia
559 3420 587 3462 et
604 3422 696 3465 nostra
715 3422 742 3464 et
763 3423 882 3476 externa;
906 3413 1069 3480 quiapropter
1084 3415 1161 3464 etiam
1182 3413 1319 3478 pravitatis
1341 3414 1385 3462 in-

284 3491 458 3538 strumentum
477 3481 552 3534 illam
574 3483 671 3535 lactum
692 3499 752 3537 csse
776 3485 856 3537 laoile
869 3483 1018 3535 allirmabat
1031 3492 1058 3535 et
1077 3484 1264 3548 concludebat,
1284 3499 1299 3534 a
1318 3499 1386 3536 vera

173 3557 185 3568 ⁵
283 3556 416 3624 sapientia
434 3554 518 3607 semel
539 3554 677 3622 abruptum
699 3564 726 3607 et
739 3557 870 3607 exsulem.
908 3555 1003 3606 deinde
1022 3556 1103 3606 miser
1123 3555 1172 3606 ille
1193 3563 1221 3605 et
1238 3554 1384 3626 piacularis

282 3635 377 3694 pectus
397 3625 507 3693 pulsans
527 3633 555 3678 et
573 3634 601 3678 ut
620 3628 748 3678 attonitus
768 3628 847 3678 nimis
876 3625 956 3678 valde
977 3625 1119 3690 clamabat,
1139 3628 1278 3678 notissima
1297 3626 1384 3678 iudie-

281 3705 356 3749 certe
384 3707 411 3749 et
436 3697 550 3750 confuse
569 3713 731 3762 conserens,
762 3706 788 3749 et
818 3706 847 3749 ut
877 3698 914 3747 ita
933 3697 1017 3748 dicam
1038 3697 1143 3749 larebat
1171 3697 1274 3749 hostiae
1294 3697 1383 3748 modo

281 3777 425 3835 propterca
445 3771 522 3819 etiam
542 3785 591 3821 rex
610 3770 801 3837 quodaminodo
823 3770 847 3820 el
867 3783 981 3834 parcens
1002 3777 1029 3820 et
1048 3767 1153 3835 placide
1172 3769 1314 3836 animoque
1334 3783 1383 3818 ae
1401 3825 1405 3830 ,

282 3854 335 3907 qao
355 3846 382 3888 et
401 3847 514 3906 augusto
534 3856 592 3892 cum
610 3842 666 3892 risu
693 3841 733 3907 ad·
745 3841 890 3908 Gregoram
920 3855 1086 3903 conversus,
1106 3839 1204 3891 leuiter
1224 3840 1281 3890 iere
1301 3847 1327 3890 et
1347 3839 1382 3889 ita

279 3917 310 3961 at
327 3923 344 3959 a
363 3908 468 3959 Palama
488 3911 573 3962 audiri
591 3926 645 3961 neu
666 3912 767 3979 posset,
787 3911 914 3964 suadebat
938 3911 1069 3979 dabatque
1096 3911 1253 3974 consilium,
1272 3918 1302 3961 ut
1320 3910 1382 3976 pla.

281 3981 396 4032 cidiores
416 3979 442 4030 ei
461 3980 587 4032 redderet
605 3996 760 4043 sermones,
780 3997 815 4032 ne
835 3982 897 4048 quid
917 3983 1126 4048 inexspectatum
1153 3989 1299 4048 pateretur.
1337 3981 1383 4050 qui

280 4067 354 4118 cum,
375 4051 426 4103 boc
447 4051 507 4115 erit,
527 4052 719 4118 respondisset,
739 4053 790 4102 iam
810 4053 940 4105 conticuit
959 4062 1060 4120 postea.

378 4133 498 4204 Palamas
517 4155 604 4200 tamen
624 4165 682 4202 cuin
702 4149 798 4219 dogma
823 4165 897 4203 suum
917 4149 1059 4202 multorum
1079 4149 1188 4204 deorum
1208 4150 1292 4222 magia
1313 4163 1383 4204 cen.
