3017 4759
327 192 549 311 nrsronmn
578 210 839 313 nrzlnnnse
854 206 952 281 xxa.
972 196 1014 281 8.
1034 193 1074 280 9.
1199 196 1250 309 pt

145 376 210 437 τιὸν
232 378 328 439 θείων
351 378 497 463 γραφῶν.
547 374 638 461 ἔργον
659 374 720 460 γάρ
746 377 846 441 αὐτοῦ
876 372 1129 441 σπουδαιότατον
1150 370 1250 454 μάλι-

146 498 207 538 στα
237 476 361 541 πάντων
395 476 496 559 ἱεραῖς
536 476 713 561 ἐκκλησίαις
743 479 1005 559 ’ἀθροιζομένους
1035 471 1249 556 Χριστιανοὺς

149 572 308 640 διδάσκειν
335 580 371 641 τά
395 602 429 641 τε
462 573 542 643 ἅλλα
574 583 629 661 τῆς
662 569 825 659 εὐσεβείας
858 574 1001 657 νόμιμα,
1031 580 1085 638 καί
1112 573 1194 656 πρός
1215 594 1250 655 γε

151 679 308 759 φροντίδα
333 684 496 743 ποιεῖσθαι
516 682 578 742 ταῖν
600 683 758 759 δεομένων
771 676 928 761 μεγίστην,
949 675 993 751 αἱς
1014 669 1095 739 εἶναι
1110 676 1151 738 δι’
1169 676 1252 736 έκεῖ-

121 780 204 838 5νον
227 778 332 841 πᾶσαν
354 780 473 862 ἐκείνην
497 776 553 862 τήν
573 780 669 861 νῆσον
685 778 775 843 ἐλέου
798 781 852 842 κατ’
872 781 1003 851 πίστεως
1026 771 1177 853 στάδιον,
1197 772 1252 837 κατ’

146 875 287 963 μάλιστα
325 877 451 942 πάντων
485 879 698 961 αἰχμαλώτων
728 879 924 960 ἐλευθερίαν.
976 877 1043 940 είσί
1060 898 1094 957 ys
1112 872 1178 956 μην
1197 876 1287 941 noio

149 972 183 1039 αἱ
206 979 264 1039 τοῦ
285 976 383 1061 ῥηγὸς
405 978 479 1060 περί
498 978 572 1053 τοδς
604 978 721 1053 τόσους
753 982 891 1051 ἐκείνους
912 974 1062 1050 incilicia
1085 973 1140 1039 καί
1163 978 1251 1037 δίαν·

147 1100 218 1157 ται,
251 1077 305 1140 καί
335 1078 369 1142 αἱ
410 1081 470 1142 των
509 1076 758 1143 οἴκωνέκείνοα
790 1076 1005 1161 λαμαρὸτητες
1038 1080 1121 1140 πάνυ
1156 1077 1251 1139 καλαὶ

150 1175 203 1238 διὰ
229 1175 262 1240 τὸ
292 1181 500 1260 χαριέστερον
528 1172 609 1242 εἶναι
639 1182 692 1262 τῆς
723 1175 821 1261 νήσου
850 1174 884 1242 τό
908 1181 1004 1258 μέρος
1036 1179 1135 1241 tuaac
1157 1170 1250 1259 οἴερὸς
1341 1250 1343 1257 s

104 1287 183 1341 101⁶
208 1278 299 1339 ἓνεκα
332 1278 387 1340 κατ’
416 1275 484 1358 ἅμα
517 1283 637 1355 θέσεως
658 1274 753 1363 ἄλλης
785 1278 839 1343 καί
858 1274 1024 1363 ῥαθυμίας
1051 1280 1115 1343 τῶν
1135 1278 1249 1345 τόπων.

149 1374 200 1441 διὸ
226 1379 285 1441 κοῖκ
308 1380 365 1440 τοῦ
393 1377 507 1461 σχεδὸν
535 1378 685 1467 έσεφοίτα
715 1377 805 1459 θαμὰ
829 1384 906 1459 παρ’
936 1376 1035 1444 αὐτὸν
1058 1374 1075 1444 ὅ
1098 1380 1252 1462 Λαπίθης

148 1481 180 1543 Γ
178 1478 327 1563 ευτ’ργιος,
364 1478 420 1543 κατ’
449 1480 577 1565 σφόδρα
616 1483 731 1567 κομιδῇ
760 1484 875 1563 πολλῆς
904 1482 1045 1545 α’ντέλαυε
1076 1484 1132 1565 τῆς
1163 1478 1254 1565 ῥηγν-

148 1585 204 1662 κῆς
228 1579 337 1655 αἰδοῦς
370 1585 424 1645 καί
444 1584 536 1664 τιμῆς
557 1582 611 1645 διά
636 1606 669 1645 τε
698 1580 754 1664 την
786 1575 884 1665 ἄλλην
905 1578 1093 1666 σεμνότητα,
1128 1585 1184 1646 κατ’
1212 1574 1251 1665 ἢν

149 1679 292 1762 ἐκέκτητο
311 1677 451 1758 μα’λιστα
475 1683 602 1745 πάντων
625 1682 755 1766 σοφίαν,
780 1680 849 1743 έαεί
869 1680 921 1743 καί
942 1680 1039 1755 αυτὸς
1060 1683 1102 1745 oo'
1115 1684 1251 1765 μετρίως

106 1792 141 1845 15
151 1778 206 1861 τῆς
220 1781 368 1844 Λατίνων
389 1786 525 1863 μετέσχε
541 1788 733 1873 φιλοσοφίας
754 1782 771 1845 δ
792 1778 861 1867 ῥήξ,
883 1786 938 1846 κατ’
955 1786 994 1846 δι’
1017 1781 1097 1847 αδτό
1112 1806 1147 1866 γε
1160 1780 1253 1845 τουτί

122 1912 130 1929 ι
152 1878 285 1955 πολλοὺς
307 1884 365 1960 μὲν
389 1883 470 1967 ἀμφ’
493 1884 593 1946 αὑτὸν
614 1880 847 1957 τοδςΛατίνων
868 1876 934 1965 εἶχε
955 1881 1077 1969 σοφυδς
1099 1880 1167 1962 αέί,
1191 1874 1252 1965 ἦρα

152 1982 327 2063 δὲμᾶλλον
358 1987 413 2065 τῆς
437 1986 467 2047 Γ
465 1984 599 2066 εωργίου
630 1982 752 2067 μούσης
781 1988 835 2048 καί
861 1983 1006 2064 ὁμιλίας·
1060 1982 1157 2069 σοφοί
1175 1979 1249 2064 γάρ,

78 2102 87 2109 ·
153 2083 242 2166 φησί,
265 2081 414 2164 τύραννοι
435 2086 545 2169 οοφιόν
568 2085 732 2171 συνουσίην.
777 2082 859 2167 ἔχων
881 2077 939 2148 οὖν
955 2082 1054 2148 adeda
1069 2082 1155 2167 ἔχειν
1179 2080 1253 2146 έπέ-

152 2206 259 2247 αειστο
287 2186 342 2248 καί
361 2186 478 2270 σοφίαν
510 2183 589 2252 eard
626 2186 746 2251 ταίτόν
777 2180 944 2269 ἑκατέραν,
975 2183 1031 2268 την
1050 2208 1082 2248 τε
1099 2183 1255 2268 Ἑλλήνων

107 2281 240 2366 φοφημί
258 2286 314 2346 καί
335 2286 507 2349 Λατίνων·
559 2289 661 2363 δεξιός
694 2284 754 2369 γάρ
783 2292 817 2350 έν
848 2294 912 2360 τοῖς
941 2283 1081 2366 μα’λιστα
1107 2290 1163 2347 καί
1183 2282 1256 2346 καθ’

153 2377 307 2464 ἑκατέραν
330 2392 447 2471 σοφίαν
470 2392 522 2452 καί
540 2391 679 2470 γλῶτταν
703 2380 966 2471 δΓεώργισς,ἦν.
1010 2386 1109 2474 ταύτῃ
1134 2409 1181 2451 τοι
1203 2386 1258 2448 καί

154 2484 257 2569 ἡδέως
279 2487 382 2551 αὐτοῦ
411 2482 525 2571 ἤκουσε
559 2490 784 2571 διαλεγομένου
806 2487 911 2572 συχνά
941 2496 1005 2562 τοῖς
1025 2489 1175 2561 Λατίνων
1196 2506 1256 2549 σο·

157 2781 214 2818 rem
232 2774 334 2832 partem
354 2766 387 2819 ad
407 2782 498 2819 eorum
522 2769 658 2821 conferret
677 2767 830 2819 libertatem
850 2776 877 2819 et
894 2766 964 2819 alios
988 2782 1081 2819 sacrae
1103 2767 1252 2835 scripturae

159 2839 309 2905 praeceptis
339 2838 532 2890 adhortaretur.
578 2840 750 2907 praecipuum
776 2840 846 2891 enim
875 2848 902 2891 et
925 2840 1065 2890 maximum
1089 2840 1203 2891 studium
1229 2841 1257 2890 in

159 2923 193 2960 eo
220 2909 387 2975 collocabat,
414 2916 442 2961 ut
468 2910 633 2965 Christianos
658 2912 685 2961 in
709 2913 794 2962 sacris
821 2909 946 2962 ecclesiis
975 2918 1152 2978 congregatos
1179 2926 1258 2979 quum

159 2980 227 3031 alias
246 2980 388 3047 religionis
402 2981 477 3049 leges
498 2983 616 3047 doceret,
635 2990 688 3033 tum
709 2984 823 3033 maxime
837 2989 977 3044 moueret,
996 2980 1120 3046 inopibus
1140 2996 1259 3033 summo.

160 3066 226 3117 pere
247 3052 462 3117 prospiciendum
483 3062 509 3105 et
528 3054 720 3119 providendum
740 3070 810 3105 esse.
849 3068 931 3121 quare
951 3052 1048 3103 lactum
1069 3059 1123 3115 est,
1149 3060 1179 3102 ut
1201 3053 1258 3103 eius

160 3137 243 3189 opera
262 3130 318 3174 tota
339 3124 427 3175 insula
446 3126 648 3177 misericordiae
667 3133 747 3193 atque
765 3125 828 3176 lldei
850 3126 924 3193 quasi
943 3123 1077 3190 palaestra
1096 3130 1186 3190 pateat
1203 3123 1257 3175 ihi.
1297 3185 1300 3190 Ι

146 3196 213 3262 lque
230 3196 343 3245 maxima
354 3198 389 3247 sit
401 3197 564 3263 captivorum
577 3197 696 3247 libertas.
716 3198 743 3248 in
761 3196 818 3247 illis
837 3194 905 3247 locis
925 3202 986 3248 sunt
1005 3196 1083 3246 etiam
1095 3195 1259 3263 regisprae.

160 3265 357 3333 dia‘sedesque
377 3274 457 3335 atque
476 3267 707 3333 splendidissimae
727 3270 785 3320 eius
805 3276 831 3318 et
849 3267 1164 3334 pulcherrimaeaedcs,
1189 3265 1259 3335 quod

161 3335 209 3387 illa
228 3352 289 3402 pars
309 3338 414 3390 insulae
435 3342 591 3390 amoeniore
612 3338 710 3405 gaudet
728 3340 799 3390 aeris
819 3340 950 3405 temperie
969 3346 996 3388 et
1013 3339 1170 3391 iucundiore
1195 3338 1257 3388 situ.

161 3408 288 3475 quocirca
310 3409 467 3477 frequenter
486 3426 519 3461 ex
539 3412 689 3478 propinquo
710 3411 742 3462 ad
763 3426 821 3459 curn
841 3409 966 3462 veniebat
986 3408 1116 3477 Georgius
1124 3408 1259 3475 Lapithes,

161 3479 207 3545 qui
227 3494 326 3531 summa
345 3482 414 3547 apud
434 3498 492 3533 eum
508 3484 661 3533 reverentia
680 3489 760 3548 atque
780 3481 882 3533 honore
898 3480 1034 3531 fruebatur
1053 3496 1131 3548 quum
1150 3487 1260 3547 propter

160 3550 316 3616 dignitatem
335 3560 388 3603 tum
407 3561 516 3619 propter
534 3553 700 3619 sapientiam,
720 3568 773 3619 que
789 3555 904 3604 omnium
923 3554 1036 3603 maxime
1047 3551 1180 3618 praeditus
1191 3559 1258 3603 erat.

163 3634 211 3690 rex
231 3622 309 3673 etiam
329 3625 388 3690 ipse
407 3624 580 3691 philosophia
599 3624 752 3675 Latinorum
773 3621 841 3676 haud
861 3624 1033 3676 mediocriter
1052 3629 1110 3673 erat
1126 3622 1259 3686 imbutus;

162 3690 209 3742 sed
231 3708 393 3762 xquamquam
425 3712 456 3747 ea
481 3698 515 3747 dc
540 3711 619 3747 causa
645 3711 749 3762 semper
774 3695 902 3762 plurimos
924 3695 1084 3762 sapientium
1108 3694 1260 3746 Latinorum
1296 3748 1299 3750 Α

162 3762 261 3814 circum
280 3780 309 3815 se
329 3765 450 3831 habehat,
470 3769 555 3835 magis
574 3775 660 3818 tamen
679 3766 861 3819 delectabatur
872 3766 981 3833 Georgii
1000 3766 1163 3817 humanitate
1180 3772 1260 3833 atque

162 3838 365 3888 cousuetudine.
387 3839 538 3905 „sapientes
558 3840 636 3904 enim,
657 3840 752 3907 iuquit,
772 3839 878 3904 tyranni
897 3838 1055 3904 sapientium
1073 3839 1260 3888 commercio.“

165 3919 224 3956 cum
244 3908 326 3973 igitur
344 3924 423 3977 quum
446 3925 534 3963 secum
554 3910 676 3975 haberet,
696 3911 823 3962 adductus
844 3918 893 3973 est,
913 3919 943 3961 ut
954 3917 1093 3977 utramque
1103 3910 1203 3976 pariter
1215 3923 1262 3960 sa-

164 3978 291 4042 pientiam
313 3979 364 4031 sihi
386 3989 502 4046 pararet,
520 3982 681 4034 Graecorum
700 3981 808 4033 scilicet
825 3990 851 4033 et
868 3980 1029 4032 Latinorum.
1050 3981 1181 4049 Georgius
1192 3981 1262 4029 enirn

163 4050 340 4113 peritissimus
363 4059 420 4102 crat
438 4053 577 4119 utriusque
595 4054 743 4119 sapientiae
763 4068 798 4111 ac
813 4052 931 4121 linguae.
960 4068 1042 4120 quare
1061 4052 1184 4105 audiebat
1202 4064 1262 4099 eum

162 4133 211 4173 tex
222 4119 346 4173 lubenter
364 4138 453 4175 coram
473 4138 502 4183 se
521 4138 603 4192 saepe
624 4125 802 4191 disputantem
823 4140 881 4177 curn
900 4124 1065 4192 sapientibus
1074 4122 1183 4186 Latinis,
1195 4134 1263 4189 quos
