3017 4759
259 191 481 265 morosior
507 191 765 266 immnuta
793 198 888 269 xxa
917 180 1045 269 5-7.
1159 195 1231 273 σει

131 357 286 446 ράτατον,
310 359 354 436 σός
374 358 548 427 κάντεῦθεν
565 362 610 446 μη
631 362 728 444 μόνον
750 359 912 445 ἐξόριστον
931 363 1079 447 γεγονότα
1095 364 1150 431 τόν
1170 390 1234 431 πα-

129 459 286 546 τριάρχην
303 465 398 549 βιαίιρ
421 460 552 552 θανάτηι
568 465 626 527 roo*
636 467 710 544 βίου
729 462 870 550 περάσαι
892 463 951 548 τήν
970 466 1129 550 τελευτήν,
1152 464 1232 533 ἀλλά
1243 468 1262 522 ί·
1279 468 1367 524 133¹·

132 564 190 624 καί
218 563 282 625 τεόν
311 560 494 626 ἐπισκόπων
526 561 582 628 καί
613 570 836 649 πρεσβυτέρων
870 561 981 631 δπόσοι
999 562 1054 649 τὴν
1089 564 1233 633 ἔνστασιν

131 663 304 746 ἀκλόνητον
323 658 419 745 ἔσχον
448 659 482 728 ἒν
502 673 570 738 τοῖς
592 668 726 750 δεινοῖς,
758 660 853 742 ἄλλος
876 661 991 732 ἄλλοθι
1011 672 1064 751 τῆς
1086 668 1234 749 οἰκουμέ-

106 771 186 846 5νης
208 759 396 842 διωκόμενοι
427 762 655 849 διεσπάρησαν.
712 772 756 833 ἑά
778 770 878 851 λέγειν
909 763 966 842 σός
997 768 1031 833 όν
1051 765 1159 855 εἱρκτῇ
1178 771 1235 833 καί

131 861 221 951 ζόφφ
242 861 392 948 θνήσκειν
412 870 592 947 συνέβαινε,
615 871 671 934 καί
691 863 758 934 ὅσοι
779 874 860 956 λιμρῑ
883 872 937 935 καί
960 872 1048 951 δίψει
1070 868 1123 935 καί
1145 868 1231 955 πόση

130 964 195 1027 τάν
215 966 395 1046 ἀναγκαίων
413 969 609 1056 στενοχωρίρ
626 972 745 1051 βιαίοις
765 972 916 1045 θανάτοις
938 970 1134 1053 ἀπήλλαξαν.
1178 969 1234 1035 καί

130 1062 167 1128 τό
187 1088 222 1147 γε
242 1068 351 1147 μεῖζον
374 1059 418 1131 ότι
439 1069 521 1152 μηδὲ
545 1073 664 1155 ταφῆς,
687 1062 772 1154 ιδγῆ
795 1074 849 1134 καί
871 1063 951 1153 ἥλιε,
972 1068 1052 1153 πρὸς
1076 1072 1138 1135 ταῖν
1159 1070 1232 1133 ἐπι-

128 1168 260 1251 τηδείων
281 1165 449 1249 τυγχάνειν
469 1173 721 1250 συνεχωροόντο,
747 1172 829 1254 πλην
852 1161 956 1255 ἢδσοι
977 1168 1055 1237 κατά
1078 1167 1113 1235 τό
1135 1176 1231 1254 λελη-

85 1264 189 1342 1οθός
210 1267 456 1352 κατωρύττοντο.
487 1260 532 1333 ἀν
553 1270 629 1335 ου’δὲ
648 1270 773 1336 τοάτων
797 1272 971 1355 ἀπέσχοντο
985 1267 1015 1337 οἱ
1039 1269 1131 1348 κυνός
1153 1278 1229 1337 Λα·
1333 1324 1338 1329 .

130 1373 238 1452 καίνης
260 1371 348 1453 δίκην
366 1369 608 1453 ῥινηλατοῦντες
630 1376 684 1436 καί
703 1369 940 1453 άνιχνεάοντες,
973 1369 1056 1439 ἀλλά
1078 1371 1133 1437 καί
1156 1372 1230 1437 rori·

129 1494 192 1534 των
213 1472 317 1547 ένίους
352 1467 529 1553 ἀνοόρυξαν.
583 1467 667 1537 οδτω
695 1474 844 1555 διωγμῶν
873 1469 1020 1537 ἀπάντων
1049 1468 1231 1553 βαρύτατος

129 1568 248 1636 οότοαί.
290 1574 326 1633 τί
341 1567 402 1653 γάρ
425 1568 554 1635 δαίσειν
575 1568 705 1651 ἔμελλον
727 1578 831 1653 πλέον,
854 1575 899 1648 είς
920 1573 1114 1656 ἀναίσθητον
1135 1575 1230 1653 σῶμα

129 1671 187 1754 την
204 1672 259 1754 τῆς
280 1664 399 1735 ἀτόπου
428 1676 537 1755 ψυχῆς
570 1672 797 1758 ἀγνωμοσύνην
830 1671 1007 1757 ίκχίσνεεςς
1035 1677 1146 1737 θανεῖν
1167 1670 1229 1757 γάρ

84 1787 118 1842 15
129 1770 265 1856 ἀνάγκη,
295 1772 350 1855 ζῆν
376 1766 451 1853 δ’νῖ
486 1776 579 1859 ταφῇ
607 1777 838 1859 καλυφθῆναι,
860 1775 983 1838 τοότων
1014 1776 1043 1837 δ’
1066 1775 1230 1857 οάδίτερον

126 1875 204 1947 εόως
226 1870 358 1955 ἀνάγκη.
412 1870 464 1937 διό
487 1870 522 1937 τό
542 1878 602 1955 μὲν
625 1873 679 1940 καί
698 1873 742 1957 μὴ
775 1879 978 1957 βουλομένων
1008 1872 1229 1959 ἀνθρώπωνὴ

126 1973 226 2059 φάσις
245 1979 340 2056 τελεῖ,
358 1973 394 2037 τό
419 1975 448 2037 δ’
469 1978 503 2040 ίν
522 1979 561 2061 τῇ
582 1980 767 2059 προαιρέσει
789 1979 930 2056 κείμενον
953 1976 1015 2040 τεόν
1047 1982 1230 2060 περιλειπο-

126 2078 231 2154 μένων
254 2072 390 2161 ζόλεγχος
421 2073 577 2157 άποτόρσυ
597 2079 718 2157 γίνεται
748 2079 861 2153 δυοῖν,
896 2072 952 2139 εἴτ’
985 2076 1137 2151 α’πονσιάς
1167 2074 1229 2141 εἴτε

128 2175 289 2256 προνοίας.
311 2181 367 2258 τῆς
386 2175 425 2259 δὴ
447 2173 597 2260 τοιαότης
618 2174 867 2259 περικλσνήσεως
891 2172 980 2257 ἔργον
1001 2170 1156 2257 γινόμεθα
1175 2178 1230 2239 καί
1241 2188 1262 2241 1

82 2274 231 2359 λδῆμεῑς,
254 2279 295 2341 ου’
313 2274 502 2358 βουλόμενοι
516 2284 586 2350 ταῖς
609 2279 738 2352 ἀτόποις
753 2280 981 2360 καινοφωνιάις
999 2275 1138 2339 ὑπείκειν
1151 2280 1227 2339 Πα-

129 2367 220 2457 λαμά
241 2377 387 2442 τουτουί·
416 2376 557 2441 4όπόσων
577 2400 612 2459 γε
632 2372 698 2459 μὴν
720 2377 776 2441 καί
794 2376 856 2439 τοῖν
877 2378 988 2442 δεινῶν
1007 2356 1228 2455 πεπειρόμεθα

126 2475 184 2541 διά
213 2480 328 2562 ταῦτα,
357 2482 584 2566 παραπέμπειν
617 2478 728 2553 ἀκοαῖς
765 2476 983 2563 ἀνθρωπίναις
1018 2474 1058 2539 οδ
1089 2471 1174 2541 πάνυ
1197 2499 1227 2539 τι

129 2821 187 2863 eam
211 2806 317 2878 quidem
343 2810 457 2862 omnium
482 2809 703 2863 terribilissimam
729 2818 755 2861 et
774 2808 974 2873 atrocissimam,
1000 2808 1037 2859 itu
1054 2814 1084 2859 nt
1102 2806 1171 2876 benc
1190 2807 1225 2859 ob

125 2897 183 2933 rem
199 2896 255 2933 non
279 2880 366 2933 seium
389 2881 542 2947 patriarcba
569 2882 696 2949 expulsus
720 2890 806 2933 morte
830 2879 952 2933 violenta
977 2880 1048 2931 dien
1074 2894 1224 2945 supremum

125 2954 225 3017 obiret,
244 2954 292 3005 sed
310 2953 391 3002 etiam
410 2953 597 3019 episcoporum
619 2962 645 3005 et
666 2953 882 3021 presbyterorum
902 2957 1032 3018 quotquot
1049 2950 1077 3001 in
1094 2950 1223 3015 periculis

126 3031 293 3075 constantem
321 3023 394 3073 vitae
422 3024 552 3075 rationem
577 3025 719 3089 tenebant,
739 3024 807 3075 alius
836 3021 889 3073 alio
916 3036 965 3088 per
984 3020 1074 3072 orbem
1093 3028 1224 3072 terrarum

126 3096 255 3163 exagitati
274 3094 476 3160 dissiparentur.
524 3097 616 3147 omitto
641 3112 767 3158 narrare,
791 3094 886 3161 quibus
907 3092 1044 3156 acciderit,
1065 3098 1095 3141 ut
1113 3092 1140 3141 in
1163 3106 1224 3143 car.

125 3180 190 3216 cere
211 3173 238 3217 et
253 3166 373 3217 tenebris
390 3166 519 3218 interient
537 3181 683 3236 omnesque
701 3168 747 3233 qui
768 3166 836 3217 ieme
856 3173 882 3215 et
901 3165 944 3217 siti
965 3171 992 3214 et
1011 3165 1224 3214 necessariorum

124 3237 237 3304 penuria
257 3244 343 3288 morte
355 3238 477 3290 violenta
496 3239 675 3290 decederent:
696 3245 723 3288 et
735 3238 762 3288 id
780 3236 943 3304 quodetiam
962 3236 1072 3304 gravius
1085 3242 1135 3299 est,
1153 3234 1224 3303 quod

123 3324 160 3359 ne
178 3308 331 3375 sepulcrum
343 3310 458 3378 quidem,
475 3318 574 3361 eterra
593 3318 620 3360 et
633 3308 684 3372 soi,
703 3316 732 3359 nt
747 3307 877 3359 haberent
889 3323 939 3375 per
952 3314 1091 3375 cognatos,
1110 3306 1144 3358 iis
1155 3320 1223 3358 con.

125 3394 229 3431 cessum
241 3388 291 3445 est,
304 3382 357 3433 nisi
372 3383 524 3449 quicunque
535 3380 604 3431 ciam
615 3380 800 3443 humabantur,
812 3394 967 3448 quamquam
976 3394 1011 3429 ne
1019 3378 1052 3429 ab
1065 3379 1107 3431 his
1117 3379 1223 3446 quidem

124 3451 176 3502 sibi
190 3452 374 3518 temperabant
388 3452 430 3503 ilii
445 3454 519 3504 canis
537 3452 687 3504 Laconicae
706 3452 790 3503 instar
810 3451 951 3502 odorantes
969 3458 996 3503 et
1013 3451 1222 3518 investigantem

126 3522 173 3572 sed
191 3521 284 3574 horum
300 3539 406 3593 quoquc
418 3524 563 3577 nonnullos
581 3524 724 3587 eruebant,
741 3522 808 3573 baec
822 3522 904 3590 igitur
923 3522 1039 3574 omnium
1051 3520 1222 3587 persecutio.

125 3606 187 3641 num
204 3593 254 3645 init
272 3596 438 3662 gravissima.
464 3597 527 3665 quid
544 3597 613 3647 enim
630 3594 743 3661 amplius
762 3596 927 3646 committere
939 3599 1062 3661 poterant
1083 3593 1111 3643 in
1126 3604 1222 3655 corpus

126 3677 206 3714 senso
226 3679 320 3717 carens
339 3668 419 3717 animi
438 3668 522 3734 inepti
541 3668 717 3737 ignorantiam
737 3665 912 3717 effundentes.
944 3679 1004 3715 nam
1022 3662 1089 3713 mori
1109 3675 1222 3713 necesse

127 3741 182 3796 est;
211 3736 282 3802 quod
300 3744 387 3787 autem
409 3739 441 3790 ud
461 3740 604 3791 vivendum
628 3746 673 3790 ant
691 3737 854 3804 sepulturam
876 3736 971 3787 attinet
989 3733 1083 3786 borum
1101 3739 1222 3784 neutrum

127 3805 234 3856 omnino
248 3820 361 3859 necesse
380 3816 439 3860 est:
461 3818 571 3875 propter
591 3810 661 3879 quod
679 3809 791 3861 alterum
812 3809 890 3860 etiam
902 3806 994 3858 invitis
1009 3803 1159 3857 bominibus
1171 3817 1222 3855 na.

124 3884 185 3928 turo
203 3877 324 3944 perficit:
352 3877 464 3930 alterum
489 3882 517 3931 in
542 3881 681 3933 voluntate
713 3881 827 3947 positum
855 3878 1025 3945 superstitum
1053 3877 1156 3945 signum
1183 3881 1223 3927 est

124 3947 322 4001 alteriusutrius
341 3964 388 4000 aus
414 3950 564 4002 dementiee
588 3960 634 4004 aut
661 3952 827 4019 prudentiae.
864 3950 912 4001 tali
938 3950 1021 4017 igitur
1045 3948 1222 4000 insectatione

124 4019 258 4072 afficimur
278 4022 357 4074 etiam
375 4035 435 4083 uos,
458 4023 622 4089 quiquidem
641 4025 749 4091 ineptae
761 4038 858 4074 vocum
871 4022 985 4074 novitati
1004 4019 1126 4073 Palamee
1144 4016 1221 4067 istius

123 4091 265 4163 indulgere
284 4093 410 4147 nolimus.
448 4095 537 4146 omnia
554 4096 660 4161 quidem
677 4095 765 4161 mela,
786 4110 855 4161 quae
879 4102 1022 4162 propterea
1047 4089 1151 4158 experti
1172 4101 1221 4140 su.
