3017 4759
232 265 453 336 msuomau
480 252 1070 340 misinensis-51.
1142 256 1223 341 '259

126 432 189 495 trois
209 423 308 505 αόθις
330 430 488 516 κρατῆσαι
507 429 686 517 συμβέβηκε
705 430 842 516 θρόνων,
868 434 912 519 τῷ
934 435 970 499 δέ
993 436 1139 523 Κοκκιλρε
1161 438 1225 501 Φι-

126 536 247 618 λοθέιρ,
268 534 343 615 πρὶν
364 534 550 615 αἰσθέσθαι,
568 536 723 615 λαμπρός
753 536 877 619 ἐκεῖθεν
900 536 1103 620 α’περρῖφθαι
1123 535 1225 621 πόσης

125 627 302 716 ἱερωσύνης
336 628 476 714 γυμνόν,
505 631 548 706 ὥς
571 632 769 717 εἰρήκειμεν,
798 632 971 715 γράμματα
1005 637 1116 721 ἐφοίτα
1138 637 1225 724 ου’τῷ

126 731 205 813 τορός
226 734 289 796 τῶν
312 733 359 821 τρῖ
381 724 450 816 όρει
471 724 652 821 τρῖἎθωνι
680 736 934 816 ἐνδιαιτοομέντον
964 738 1144 817 μοναδικῶν
1166 736 1225 801 όν-

101 834 221 916 5δριόν,
242 834 396 917 Νίφοονος
417 831 651 916 κατηχοροόντό
670 858 753 911 τινος
774 838 836 900 τῶν
858 839 927 900 ἐκεῖ
943 840 1094 919 μοναχῶν
1116 834 1225 921 ἱερέως

125 932 293 1018 τοόπόκλην
316 935 483 1016 Σκορττίοα,
505 930 541 1006 ός
562 933 852 1020 προκεκοτηχόρητο
875 934 936 1019 πρό
958 942 1098 1020 βραχέος
1113 942 1166 1003 ἐπὶ
1187 939 1226 1025 τῇ

127 1035 191 1099 ταῖν
216 1036 441 1099 Μασαλιανοόν
461 1036 518 1096 κατ’
538 1037 726 1118 Βοχομέλοον
747 1033 888 1118 αἱρέσει,
920 1040 1063 1114 οκιοοδιός
1085 1034 1229 1125 necessat*

128 1128 320 1218 ἀμαρτύρως
343 1130 400 1197 ἐτι.
455 1131 557 1222 τοότρι
578 1139 689 1217 μόντοι
715 1136 809 1223 φίλος
830 1131 875 1200 τόν
896 1134 930 1201 ἐκ
959 1144 1077 1203 πολλοῦ
1102 1140 1228 1203 Κάλλι-

127 1257 200 1308 στος
222 1234 298 1313 οόδέ
319 1238 375 1299 νόν
396 1236 599 1320 πατριάρχης
625 1236 791 1320 γενόμενος
813 1239 870 1322 τῆς
890 1237 995 1301 αότοό
1016 1244 1126 1324 φιλιάς
1147 1240 1228 1303 ‹ins-

82 1342 239 1419 1θσχετο,
260 1334 339 1399 α’λλό
362 1332 422 1414 μία
445 1359 493 1410 τις
514 1330 554 1419 ἧν
572 1341 607 1402 ἐν
628 1338 752 1423 α’μφοῖν
773 1340 876 1422 ψυχή.
929 1336 979 1401 διό
1005 1342 1058 1403 κατ’
1078 1342 1228 1421 ιόργίζετο

125 1444 189 1511 τοῖς
208 1438 418 1520 κατηγόροις,
437 1436 494 1500 καί
512 1437 607 1520 α’ραῑς
637 1442 810 1524 ἐγγράφοις
833 1438 888 1504 κατ’
909 1438 1102 1523 όφορισμοΐς
1125 1443 1230 1501 καθυ-

125 1540 243 1619 πέβαλτ
265 1540 321 1601 καί
341 1535 376 1601 εἴ
392 1561 441 1612 τις
463 1536 513 1622 εἴη
535 1535 703 1603 πιστεόατν.
733 1540 786 1624 ἐφ’
809 1531 854 1613 οἷς
878 1538 1125 1621 παροξυνθέντες
1147 1544 1229 1603 ἐκεῖ·

125 1660 186 1714 νοτ,
207 1635 262 1701 κατ’
285 1630 353 1717 ἅμα
377 1634 413 1702 τό
432 1633 556 1720 θόρρος
576 1635 700 1719 ἔχοντες
723 1640 757 1701 ἐκ
788 1641 843 1722 τῆς
864 1639 1030 1722 α’ληθεόας,
1051 1636 1228 1722 ουνεληλό-

125 1741 225 1802 θεσαν
246 1741 280 1804 ἐκ
302 1736 526 1820 συνθήματος,
553 1740 606 1821 ἐφ’
631 1728 730 1824 οόπερ
753 1736 828 1815 ἐθος
859 1730 898 1821 ἧν
919 1737 1075 1814 κόκεόνοις
1096 1740 1149 1803 αἐό
1167 1762 1228 1802 συ-

83 1833 248 1912 16νιόντας
269 1844 433 1905 ποιεῖσθαι
449 1835 488 1904 τό
504 1840 609 1903 τοιαδό
629 1843 692 1903 ταῖν
707 1839 906 1922 σκεμμάτων.
949 1844 1005 1905 κατ’
1025 1838 1121 1921 τόμος
1145 1843 1229 1904 ἐκτί-

123 1943 217 2003 θεται
236 1946 305 2013 ταῖς
325 1938 621 2005 dedecorissima
641 1943 836 2027 μαρτυρίαις
859 1943 1117 2037 συνειλημμένος,
1139 1939 1229 2005 τότε

127 2030 208 2103 ἄλλοι
230 2042 333 2124 δηλαῖν
352 2046 408 2105 κατ’
429 2036 476 2106 ότι
499 2041 539 2104 οό
560 2045 623 2108 τεόν
642 2041 706 2107 όπό
737 2043 839 2125 τόχης
862 2045 918 2105 κατ’
946 2045 1009 2105 τεέν
1030 2045 1062 2118 ἐξ
1086 2039 1229 2120 αότομό-

125 2164 181 2203 τον
212 2145 402 2221 συμπίπτειν
437 2141 613 2208 δοκοόντοον
641 2146 674 2209 ἓν
703 2168 734 2207 τι
764 2148 818 2207 καί
850 2140 884 2206 τό
917 2144 973 2205 νόν
1011 2144 1247 2224 πεπραγμένον·
1347 2149 1350 2155 “

124 2235 283 2325 ἐπῆρχεν,
310 2246 365 2307 λ’τα
386 2246 441 2306 κατ’
467 2246 541 2331 σιγῇ
563 2245 709 2317 δεδωκώς
729 2266 777 2317 τις
812 2236 976 2328 α’θόροβον
1001 2244 1064 2327 σχῇ
1087 2238 1231 2313 συνειδὸς

82 2341 180 2413 waes*
197 2345 333 2430 μηδαμῇ
356 2341 412 2427 την
432 2346 569 2427 καρδίαν
598 2343 769 2409 καθεόδειν
793 2341 848 2406 κατ’
877 2342 1009 2427 ἠρεμεῖν
1033 2344 1230 2424 βουλομένην

127 2442 371 2525 α’ναμοχλεόον,
401 2443 486 2509 α’λλό
522 2449 603 2509 deoc⁷
633 2448 806 2531 προφανοῦς
835 2446 891 2511 τοῦ
919 2441 958 2509 τό
992 2444 1116 2528 κρόφια
1149 2443 1231 2523 δῆλα

128 2541 279 2627 δρῶντος,
299 2542 393 2611 ότιότε
412 2545 561 2627 βοόλοιτο
577 2543 706 2613 σόντσιν
719 2548 880 2613 ἐντιθέναι
901 2533 948 2623 οἶς
963 2538 1123 2618 όουνότοις
1145 2536 1231 2622 ἐχειν

130 2882 220 2934 einum
238 2889 328 2935 antem
346 2879 518 2935 Philotimum
536 2885 689 2953 priusquam
715 2884 829 2937 sentiret
853 2880 992 2950 splendide
1011 2895 1043 2931 ac
1064 2895 1123 2931 cum
1143 2878 1231 2949 gloria

130 2955 195 3006 inde
216 2956 327 3018 eiicere,
347 2955 418 3004 omni
439 2957 589 3007 sacerdotio
608 2957 761 3023 spoliatum,
782 2962 811 3007 ut
830 2954 952 3017 diximus,
975 2951 1077 3003 litteras
1098 2952 1124 3002 ei
1141 2949 1231 3002 attulit

127 3026 163 3076 ab
182 3024 392 3077 inhabitantibus
409 3026 543 3080 Athonem
561 3036 676 3081 montem
698 3030 764 3081 viris
789 3024 927 3087 solitariis,
947 3029 1103 3074 accusantes
1122 3020 1228 3088 Nipbo.

128 3112 191 3147 nem
210 3098 340 3164 quendam
359 3112 392 3148 ex
411 3098 468 3149 illis
485 3100 622 3151 monachis
643 3100 810 3152 sacerdotem
830 3096 989 3164 cognomine
1009 3092 1163 3160 Scorpium:
1184 3093 1230 3158 qui

129 3175 208 3218 antea
227 3176 366 3220 accusatus
385 3168 473 3222 iuerat
490 3171 570 3237 panio
589 3172 663 3237 prius
683 3179 793 3238 propter
813 3166 1031 3222 Massalianorum
1054 3173 1080 3216 et
1099 3164 1230 3234 bogomi-

129 3238 215 3291 iorum
235 3239 360 3292 haeresin
380 3240 450 3293 clam
468 3242 534 3294 abiit
554 3251 581 3293 et
598 3244 659 3293 sine
677 3241 810 3305 testibns;
840 3240 902 3290 huic
921 3238 1027 3307 quidem
1046 3239 1146 3289 amicus
1166 3249 1231 3288 sune

130 3318 188 3362 erat
205 3312 288 3364 multo
311 3327 345 3362 ex
374 3320 496 3381 tempore
516 3313 662 3376 Callistus,
693 3328 783 3381 neque
801 3326 871 3363 nunc
895 3309 1045 3377 patriarcha
1066 3308 1151 3361 iactus
1171 3308 1230 3359 eius

129 3382 248 3433 amicitia
267 3383 409 3447 abstinuit;
432 3386 566 3437 sedunus
586 3385 644 3435 iere
663 3392 721 3435 erat
741 3386 768 3434 in
788 3392 901 3450 utroque
921 3382 1032 3433 animus.
1061 3380 1231 3449 quamobrem

130 3454 211 3504 etiam
230 3454 394 3507 irascebatur
414 3456 615 3509 accusatoribus
640 3463 667 3505 et
685 3456 749 3507 diris
768 3454 945 3524 imprecaudis
964 3460 1044 3521 atque
1066 3452 1231 3505 condemna.

130 3524 248 3576 tionibus
267 3525 382 3578 subiecit
400 3536 428 3579 et
445 3529 469 3580 si
488 3529 549 3596 quis
567 3528 645 3579 fldem
664 3526 777 3579 baberet
799 3528 849 3590 iis,
869 3527 903 3577 de
923 3524 1018 3592 quibus
1041 3524 1111 3575 inter
1139 3522 1231 3573 irrita.

132 3601 174 3645 tos
192 3594 255 3646 illos
275 3604 302 3647 et
319 3596 400 3650 simul
420 3601 579 3651 enveritate
599 3598 713 3650 animum
733 3598 863 3651 babentes
875 3596 1004 3649 convenit
1021 3609 1055 3646 ex
1073 3592 1230 3659 composito.

130 3678 183 3731 quo
204 3673 323 3732 tempore
349 3671 429 3721 etiam
452 3686 508 3724 mos
534 3678 591 3722 erat
609 3669 685 3735 iilis,
717 3685 825 3737 semper
843 3668 1036 3721 convenientes
1057 3666 1147 3716 facere
1164 3661 1232 3713 tales

130 3735 334 3801 disquisitiones
356 3747 383 3790 et
400 3748 486 3793 tonnus
507 3742 650 3809 exponitur
668 3742 701 3793 de
720 3743 837 3793 omnium
858 3740 966 3792 illorum
984 3737 1145 3789 testimoniis
1164 3747 1233 3785 con.

133 3814 238 3871 ceptus,
257 3808 285 3857 in
305 3812 404 3862 ceteris
423 3814 502 3864 etiam
520 3814 663 3879 aperiens,
690 3828 744 3865 non
767 3829 800 3865 ex
819 3813 852 3864 iis
873 3826 941 3880 quae
962 3810 1071 3861 iortuito
1092 3816 1119 3859 et
1137 3812 1233 3874 sponte

132 3878 257 3929 accidere
277 3878 403 3931 videntur
421 3898 502 3933 unum
523 3884 644 3951 quiddam
668 3900 740 3936 nunc
758 3898 865 3953 quoque
886 3897 945 3935 esse
974 3881 1087 3945 iactum3
1106 3887 1136 3931 ut
1154 3880 1233 3929 etiam

132 3947 243 4003 silentio
263 3948 377 4015 largitus
395 3952 493 4019 aliquis
511 3955 656 4021 tranquilla
672 3964 795 4025 uteretur
815 3954 991 4017 conscientia,
1010 3968 1062 4004 uec
1080 3950 1136 4003 ullo
1155 3949 1233 3999 modo

132 4021 250 4073 animum
269 4022 386 4073 dormire
405 4031 432 4074 et
451 4023 585 4076 desertum
605 4040 665 4078 esse
684 4028 822 4079 volentem
849 4026 992 4081 excitante.
1030 4025 1077 4076 sed
1095 4024 1160 4074 deus
1179 4019 1235 4071 sci-

131 4090 199 4143 licet
217 4093 325 4145 occuito
344 4101 437 4161 aperta
457 4095 552 4159 reddit,
572 4099 786 4168 quotiescunque
812 4098 869 4151 vult
887 4097 1069 4164 intelligentia
1098 4091 1236 4159 impertire

133 4177 191 4230 ⁰⁰⁸2
209 4166 310 4235 quibu,
328 4172 359 4216 ut
377 4174 560 4222 conteneant
586 4182 676 4224 sanan
693 4171 737 4223 dei
762 4171 944 4239 cognitionem
964 4167 1070 4221 eccidit.
1106 4172 1137 4219 ut
1154 4161 1236 4215 nini-
