3017 4759
277 212 326 285 ot
574 200 798 283 urcsrnour
831 176 1061 277 curcensis

279 374 413 467 φοιτάσι
436 376 582 462 Παλαμᾷ
602 398 635 439 το
666 376 721 439 καί
752 375 898 461 Κοκκίνηι
920 372 969 459 ’τῷ
997 369 1188 452 Ἡρακλείας
1217 363 1380 452 ἕπισκάπηι

278 474 365 563 παρά
386 474 504 541 τοότων
525 480 641 556 μαθεῖν
663 477 887 555 ἐναργέστερον
914 474 1087 554 ἐξεγένετο,
1106 465 1154 551 εἴη
1177 459 1217 529 άν
1239 466 1322 549 ταδί,
1345 464 1380 529 ἓν
1430 526 1435 533 ,

279 581 339 662 μὲν
359 572 407 643 ότι
424 575 602 660 Ῥωμαϊκὴν
634 572 778 660 ἱστορίαν
798 577 862 638 τῶν
883 574 1052 656 γινομένων
1074 564 1221 633 άπάντων
1237 561 1380 660 συγγρά-

281 678 378 767 φοντί
393 702 445 744 σοι
466 676 592 764 σφόδρα
618 676 788 763 φιλότιμον
815 671 889 756 τόγε
911 675 957 747 τίς
975 676 1011 737 σέ
1032 662 1115 755 ἧκον,
1135 668 1238 748 είκός,
1259 669 1381 748 μάλλον

204 847 207 857 ,
279 784 306 845 δ’
316 783 384 847 ὀνίι
405 780 488 855 εἰκός
510 779 578 843 ἄλλ’
601 776 730 861 α’νόγκη,
751 779 806 842 κατ’
829 778 904 862 περὶ
929 776 992 839 τοόν
1013 773 1277 855 έκκλησιαστικῶν
1299 776 1408 851 συγ-5

278 882 414 968 γράφειν
438 885 592 962 πολέμων.
635 880 683 953 τίς
707 878 770 963 γάρ
792 880 857 942 τοόν
877 878 980 959 μηδὲν
1010 874 1140 959 μηδαμῇ
1161 867 1382 956 προσηκόντων

279 1005 331 1047 σοι
359 984 519 1065 δημοσίων
546 976 760 1065 πραγμάτων,
796 982 896 1064 φαίην
926 979 955 1039 δ’
988 969 1028 1039 άν
1063 972 1119 1038 καί
1148 972 1380 1052 οίκουμενικῶν,

281 1082 499 1165 ου’θαιρέτους
517 1081 665 1164 μόχθους
693 1073 926 1168 ἀναδεχόμενον
957 1080 1083 1159 βλέπων
1104 1098 1140 1140 σε
1166 1073 1259 1157 δόξης
1289 1074 1382 1136 ἕνεκα

283 1182 337 1247 διά
358 1187 414 1268 γῆς
436 1186 641 1267 πλανωμένης
670 1186 724 1245 κατ’
753 1179 788 1245 τό
814 1176 900 1261 ἴχνος
922 1180 977 1242 ἐπί
1003 1178 1130 1261 σαθροῦ
1150 1173 1235 1251 τινός
1255 1174 1311 1239 καί
1330 1172 1383 1237 νό-

281 1290 345 1349 θου
367 1282 467 1382 φάναι
495 1285 607 1356 κλέους
636 1278 840 1366 έρειδοάσης,
875 1279 926 1343 ἳνα
958 1275 1081 1363 δηλαδή
1107 1277 1225 1359 μεστόν
1245 1276 1427 1361 reaccedit)

282 1383 336 1450 τόν
358 1383 471 1471 ἐφεξῆς
501 1381 673 1470 καταλίπῃς
694 1384 814 1464 uicino,
848 1377 990 1463 ὑποψίας
1017 1380 1124 1465 α’θηλον
1148 1378 1278 1465 άφεῖναι
1301 1372 1383 1441 άνά-

283 1508 403 1570 σχοιτυ,
422 1482 477 1549 καί
495 1487 576 1569 μηδὲ
599 1486 704 1549 πάσαν
721 1480 864 1547 ἐνταῦθα
885 1484 1006 1563 μάλλον
1024 1477 1120 1563 ἶσχόν
1135 1478 1330 1543 uocauerunt
1346 1502 1383 1541 oe

284 1588 465 1653 σπουδάσαι
488 1590 648 1668 λογίσαιτο
677 1584 779 1667 λόγων
801 1586 864 1649 τῶν
886 1586 959 1668 σῶν,
981 1586 1034 1648 ἵνα
1057 1580 1113 1646 καί
1128 1583 1201 1656 τοὺς
1221 1580 1384 1654 κλύδωνας

216 1753 219 1761 ,
282 1692 346 1774 τῶν
368 1690 507 1769 πατρίων
528 1685 701 1772 δογμάτων,
728 1681 803 1751 όοον
827 1682 964 1772 ἐφικτόν,
986 1682 1039 1748 διά
1065 1684 1166 1767 πάσης
1189 1677 1384 1768 δημοσιεόσῃ

285 1790 341 1871 τῆς
358 1790 561 1872 οἰκουμένης,
584 1790 639 1851 καί
659 1783 726 1867 άμα
750 1786 824 1861 τοός
844 1784 926 1860 συός,
943 1782 1024 1868 όπέρ
1045 1781 1164 1850 τούτων
1185 1782 1310 1865 άγῶνας
1333 1784 1386 1845 ἒν-
1397 1802 1430 1853 15

286 1886 384 1977 δείξῃ,
408 1894 463 1953 καί
478 1883 534 1965 οδς
557 1887 608 1952 oiri
629 1886 707 1970 πρός
731 1888 793 1951 τιόν
815 1886 991 1963 ιιακοδόξων
1012 1884 1177 1962 κινδύνους
1199 1883 1385 1969 έφίστασσι,

287 1992 497 2055 παντοδαπῶν
521 1987 695 2067 α’πόζοντας
719 1985 874 2052 θανάτων.
897 1984 930 2052 ἓν
955 1990 1013 2069 μὲν
1036 1985 1074 2071 δη
1095 1980 1262 2052 οὖντοῦτο
1287 1988 1388 2071 φασίν

288 2090 389 2158 αἴτιον
408 2096 464 2159 τοῦ
479 2115 514 2175 γε
534 2090 574 2176 δη
596 2089 657 2157 τῶν
678 2083 783 2153 ἄλλων
805 2092 925 2169 μᾶλλον
946 2088 1027 2154 κατά
1050 2091 1110 2153 cod
1133 2092 1289 2152 κινεῖσθαι
1312 2084 1388 2162 τοδς

289 2194 488 2275 ἀντιθέτους,
509 2195 563 2258 καί
590 2192 739 2259 τοιούτων
761 2214 812 2256 σοι
835 2194 983 2276 διηνεκῶς
1011 2190 1217 2269 συσκιυάζειν
1237 2190 1389 2254 θανάτων

223 2298 467 2379 ωθκρατῆρας,
492 2289 636 2384 δεόρερον
671 2296 700 2357 δ’
727 2288 777 2357 ότι
809 2295 873 2359 τοόν
904 2283 1007 2357 άλλων
1034 2288 1213 2377 άφρόντιδα
1242 2291 1312 2373 βίον
1335 2292 1434 2359 saiw

290 2392 435 2479 άμοχθον
467 2394 549 2460 οἴκοι
567 2396 808 2482 διατριβόντων,
837 2398 893 2458 οάκ
926 2396 1054 2478 ἠμέλεις
1074 2389 1172 2477 ζήλου
1193 2391 1232 2458 οὐ
1257 2392 1312 2457 καί
1329 2397 1391 2457 θο-

291 2498 391 2583 ρύβου
420 2495 540 2574 παντός
563 2500 728 2579 ἐμπιπλῶν
758 2495 796 2561 τά
824 2498 990 2580 doctina,
1018 2498 1076 2560 νῦν
1107 2496 1183 2580 μέν,
1213 2490 1270 2569 οδς
1283 2496 1391 2591 ου’γέ-

293 2828 381 2874 tantes
400 2818 544 2873 dilucidius
568 2819 601 2874 ab
622 2821 688 2893 ipsis
706 2836 750 2873 res
773 2835 939 2891 cognoscere
955 2828 1090 2890 poterant,
1112 2820 1191 2873 hasce
1211 2820 1269 2874 iere
1296 2837 1390 2877 causas

294 2894 423 2945 afferuntc
442 2893 553 2961 primum
574 2894 694 2966 quidm,
715 2894 787 2961 quod
806 2893 854 2945 tibi
875 2893 1012 2945 historiam
1032 2895 1175 2946 Romanam
1201 2895 1318 2945 omnium
1343 2911 1390 2945 se.

294 2981 361 3030 rum,
380 2980 448 3034 quae
468 2972 605 3034 geruntur,
626 2966 796 3034 quantumin
817 2972 844 3016 te
862 2972 920 3029 est,
941 2966 1081 3018 ambitioso
1102 2967 1188 3018 studio
1210 2966 1391 3017 conscribenti

297 3045 503 3090 cousentaneum
521 3037 566 3091 vel
587 3038 675 3104 potius
694 3038 876 3088 necessarium
897 3038 950 3101 sit,
981 3039 1060 3088 etiam
1079 3039 1112 3090 de
1132 3038 1320 3090 certaminibus
1341 3054 1389 3089 ec-

294 3109 454 3162 clesiasticis
478 3125 622 3178 exponere.
642 3110 700 3177 quis
720 3109 865 3177 enim-qui
884 3107 1025 3160 molestum
1042 3126 1086 3161 res
1107 3108 1238 3175 publicas,
1260 3126 1329 3176 quae
1338 3111 1390 3160 mi-

293 3182 365 3233 nime
384 3179 417 3229 ad
434 3186 460 3229 te
476 3183 620 3248 pertinent,
641 3188 667 3231 et
684 3195 769 3247 prope
787 3180 898 3232 dixerim
917 3188 972 3231 toto
993 3180 1057 3231 orbe
1075 3189 1202 3232 terrarum
1213 3190 1303 3249 gestas
1323 3196 1390 3233 con-

247 3258 255 3273 *
296 3249 428 3304 scribendi
447 3249 564 3303 laborem
584 3258 611 3302 te
630 3250 701 3303 ultro
726 3253 917 3319 suscipientem
942 3253 1033 3304 videat
1058 3252 1162 3321 gloriae
1190 3269 1269 3305 causa
1294 3262 1391 3305 terram

295 3322 467 3391 pervagantis
489 3330 515 3374 et
534 3323 677 3389 vestigium
696 3324 788 3389 putida
807 3324 918 3393 quadam
939 3332 980 3389 et,
1010 3332 1039 3374 ut
1056 3325 1094 3375 ita
1114 3325 1217 3389 dicam,
1242 3324 1392 3377 adulterata

296 3394 365 3447 lama
382 3393 531 3459 innitentis,
550 3395 672 3445 nimirum
693 3402 721 3445 ut
740 3394 828 3446 lutura
847 3394 955 3447 saecula
974 3404 1019 3447 tua
1038 3395 1127 3463 gloria
1145 3396 1225 3463 plena
1243 3396 1393 3464 relinquam

295 3474 323 3518 tc
342 3464 495 3531 suspicione
516 3465 629 3516 liberum
647 3466 737 3517 sinere
758 3466 899 3519 sustinebit
917 3483 1006 3535 neque
1026 3468 1113 3534 potius
1135 3483 1238 3521 omnem
1254 3470 1307 3521 vim
1328 3478 1391 3520 tuo.

296 3553 353 3589 rum
373 3537 516 3589 verborum
538 3538 565 3587 in
585 3551 616 3587 eo
635 3544 662 3589 te
681 3553 784 3604 ponere
803 3538 983 3603 arbitrabitur,
1003 3548 1032 3591 ut
1051 3541 1129 3590 etiam
1148 3548 1319 3608 tempestates
1339 3558 1391 3608 pa.

296 3611 407 3661 triorum
427 3609 585 3676 dogmatum,
608 3618 732 3677 quantum
750 3610 809 3660 ileri
828 3611 923 3676 possit,
943 3626 991 3677 per
1011 3619 1098 3679 totum·
1114 3611 1205 3663 orbem
1224 3614 1337 3680 evulges
1351 3614 1390 3665 si-

296 3679 404 3747 mulque
428 3688 472 3731 tua
494 3681 637 3731 certamino
657 3696 705 3748 pro
722 3681 756 3733 iis
780 3689 904 3748 suscepta
925 3690 1004 3749 atque
1024 3683 1161 3751 pericula,
1183 3699 1274 3737 omnes
1292 3693 1392 3736 mortes

218 3752 225 3758 ’
298 3749 456 3815 redolentia,
475 3751 508 3803 ab
526 3751 653 3819 improbis
671 3752 720 3803 tibi
740 3766 845 3819 semper
865 3754 993 3805 intentata
1021 3754 1169 3807 ostendas?
1211 3757 1285 3808 lianc
1313 3772 1393 3808 unam

259 3850 264 3857 -
299 3836 359 3873 etse
381 3836 486 3875 cansam
507 3824 607 3887 dicunt,
616 3831 726 3891 propter
747 3839 824 3891 quam
846 3825 992 3877 adversarii
1014 3827 1041 3876 in
1059 3835 1087 3877 te
1106 3827 1302 3893 vehementius,
1315 3843 1394 3895 quam

297 3892 325 3943 in
343 3891 474 3959 reliquos,
495 3896 598 3946 incitati
617 3896 671 3947 sint
688 3896 791 3963 tibique
810 3905 940 3962 perpetuo
958 3898 1095 3949 mortifera
1113 3898 1211 3965 pocula
1229 3905 1393 3967 comparent.

297 3962 383 4017 altera
402 3980 482 4016 causa
501 3974 550 4030 est,
569 3968 648 4033 quod,
667 3966 728 4018 aliis
750 3968 820 4019 domi
841 3969 922 4020 uitam
942 3984 1062 4021 securam
1082 3978 1108 4021 et
1127 3972 1266 4023 socordem
1284 3972 1394 4041 agenti-

299 4036 357 4101 bus,
376 4044 405 4088 tu
422 4051 477 4088 non
499 4038 623 4091 cessabas
646 4038 706 4090 selo
729 4048 755 4091 et
774 4039 859 4092 turbis
878 4040 999 4093 omnibus
1018 4041 1132 4108 implere
1150 4043 1294 4110 palatium,
1313 4058 1394 4111 qnnm

296 4110 405 4181 generis
422 4108 564 4165 nobilitate
583 4119 610 4167 et
629 4110 752 4166 fortunus
760 4113 989 4171 vicissitudinibus
1005 4122 1113 4171 ornatos
1131 4115 1272 4184 splendide
1290 4115 1395 4188 patrios
