3017 4759
182 270 184 277 .
260 198 482 279 nrsronmn
510 200 767 273 summumne
783 171 896 272 νινε.
917 188 1048 312 Η.
1172 199 1220 273 73

49 405 59 434 x
121 372 247 453 πέρατα
269 370 330 432 τοῖν
359 369 489 450 ψευδῶν
520 370 552 444 έξ
582 366 709 452 ὀνείρων
738 368 946 453 προρρήσεων
974 370 1020 445 είς
1041 371 1223 434 τοδναντίον

123 470 254 552 δρῶντες
280 462 393 545 ἰύντα,
427 465 463 531 τύ
487 471 550 531 τεδν
571 471 699 552 ὀνείρων
722 460 766 533 ud
789 472 955 548 αἰτιῷνται
983 466 1224 556 ἀμφισβητήσι-

122 557 206 650 μον.ι
252 570 350 652 ήδέως
372 570 403 632 δ’
438 562 478 631 δν
503 564 593 651 ἔγωγ’
621 566 751 655 ἐροίμην
778 568 913 649 αύτούς,
937 573 1003 645 τοῖς
1029 578 1096 645 τοί-ς
1119 570 1225 634 αὐτῶν

125 669 229 756 ἔργοις
259 672 458 735 ἐναντιοῦται
480 666 570 753 θεύς,
600 670 655 735 καί
682 668 739 745 τοὶς
768 672 832 735 τῶν
862 670 1069 755 προρρήσεων
1101 673 1225 736 ε’κείνων

97 774 255 845 5έλπίδας
277 764 331 833 αἐί
353 774 484 856 στρέφει
505 770 830 855 undetricensimo)
846 770 981 851 μάλισθ’
1002 765 1055 837 ὅτε
1075 776 1113 859 τῇ
1134 773 1225 857 σφῶν

126 872 295 958 δοσσεβείηι
317 876 393 935 καθ’
410 870 499 953 ήμῶν
521 870 554 934 τό
580 869 691 955 κράτος
714 869 732 955 ή
754 875 903 954 βασιλεία
935 876 1069 957 παρέχει
1082 868 1240 955 'repaire'-x

125 994 237 1055 τερον·
288 973 355 1037 τότε
388 966 450 1055 γύρ
475 976 532 1035 καί
563 973 673 1057 ζημίαι
698 975 936 1057 προσγίνονται,
967 975 1136 1056 βασιλεύοι
1166 976 1227 1054 μὲν

126 1073 201 1155 περί
222 1072 259 1136 τύ
284 1076 434 1157 φίλτατα,
452 1070 625 1153 Ῥωμαίοις
649 1074 784 1160 δὲκοινῇ
805 1077 880 1157 περί
898 1072 955 1149 τας
976 1072 1084 1149 πόλεις
1109 1073 1164 1139 καί
1185 1073 1223 1137 τύ

98 1189 101 1192 “
128 1170 267 1255 δημόσιά
298 1195 331 1258 τε
360 1173 413 1238 καί
448 1178 521 1237 καθ’
544 1171 660 1238 ἕκαστα
683 1172 874 1257 πρύγματα,
906 1180 961 1241 καί
981 1180 1141 1262 ναναγίισν
1160 1167 1227 1239 οἷον

81 1274 321 1351 1οέμπίπλαται
354 1270 456 1337 πάντα
483 1271 539 1337 καί
573 1270 726 1339 κινδύνων
759 1276 987 1339 παντοδαπῶν·
1036 1277 1134 1358 ἐχρῆν
1164 1272 1225 1359 γα“ρ

127 1372 332 1455 εὐδαιμονίαν
354 1375 541 1439 ἀποδιδόναι
562 1373 654 1459 σφίσι
677 1373 873 1458 πραγμάτων
894 1380 949 1441 καί
967 1374 1084 1451 πλάτος
1113 1374 1226 1457 ἀρχῆς,

127 1468 179 1549 δι’
203 1476 378 1559 έκδικηταῖς
399 1481 463 1539 τιδν
487 1480 628 1562 πατρίων
650 1472 734 1539 ἐθῶν
756 1480 812 1539 καί
835 1473 1000 1558 δογμάτων
1030 1478 1229 1554 καθισταμέ-

128 1595 192 1648 νοις
209 1574 263 1637 καί
280 1581 448 1650 κολασταῖς
463 1579 526 1641 τιδν
541 1570 679 1658 ἀνόμων,
702 1577 756 1639 καί
774 1573 820 1658 μή
837 1578 957 1655 μᾶλλον
973 1573 1060 1659 παρα
1081 1574 1229 1639 τοσοῦτον
1306 1624 1310 1629 ‚

127 1662 234 1749 αύξειν
245 1671 284 1738 τύ
294 1674 391 1757 χείρω
406 1675 481 1757 παρ1
493 1671 564 1741 ὅσον
577 1668 674 1759 αύξην
688 1676 780 1739 ariaci
794 1682 858 1751 τοῖς
869 1681 943 1739 καθ’
954 1671 1043 1761 ήμεὸν
1053 1678 1231 1759 παρέχουσι

82 1780 117 1834 15
127 1775 289 1857 διωγμοῖς.
332 1777 420 1840 δοοῖν
449 1774 509 1859 γὰρ
533 1778 633 1843 ἕποντ’
654 1768 693 1841 δν
715 1773 873 1860 θάτερον,
897 1767 919 1861 ή
942 1774 998 1840 τὸν
1020 1775 1097 1841 θεὸν
1118 1768 1228 1839 ἄδικον

128 1868 208 1939 iiras
232 1878 369 1955 νομιζειν
400 1875 638 1956 ἐναντιούμενον
659 1886 741 1959 τοῖς,
772 1875 815 1954 οἷς
837 1879 935 1942 αύτοί
949 1902 984 1959 γε
1005 1874 1109 1961 δήπου
1133 1885 1243 1962 φαῖεν,

129 1968 183 2054 ὅν,
202 1974 429 2059 ύπερμαχούσι
451 1981 513 2042 τῶν
528 1977 627 2043 θείων
651 1979 827 2063 δογμάτων,
853 1972 872 2062 ή
895 1980 1016 2042 δίκαιον
1039 1968 1127 2059 ὄντα,
1149 1981 1229 2062 σφί-

128 2100 180 2139 σιν
202 2069 296 2140 ύδικα
321 2080 420 2160 δροῖσι
453 2084 637 2165 περιφανῶς
662 2082 921 2164 α’ντιπριίτταντα,
946 2075 1096 2162 πράττειν
1118 2080 1233 2157 καλῶς,

37 2180 41 2188 “
128 2175 180 2243 ἵνα
205 2184 271 2251 τοῖς
287 2178 451 2256 α’σννέτοις
473 2182 629 2265 ἐγγίνηται
651 2179 777 2255 σύνεσις
798 2178 853 2243 καί
872 2182 1029 2244 τῶνκαθ’
1050 2179 1144 2261 ύμεὸν
1163 2179 1228 2242 ον’·-

82 2285 196 2352 νθτοῖς
213 2283 435 2361 πραττομένων
454 2278 614 2362 μετάνοια.
658 2280 725 2345 a’il'
747 2280 763 2344 ὁ
786 2266 861 2357 νούς
877 2282 985 2344 ου’τιύν
1007 2282 1052 2355 εἰς
1078 2276 1232 2344 α’πύνοιαν

130 2378 280 2459 ἐμπεσών
305 2376 560 2478 έκτετύφλωται,
585 2382 639 2446 καί
660 2383 786 2447 σύνεσιν
799 2382 905 2448 πᾶσαν
926 2380 1074 2461 καθάπαξ
1094 2383 1118 2421 ”
1139 2380 1357 2479 τίπτέ-αδδιδι.

130 2502 241 2545 παντο.

228 2580 328 2647 'Atto
352 2580 413 2669 γύρ
436 2569 544 2669 ἐπειδή
565 2608 624 2671 περ
644 2577 732 2651 ούπω
755 2586 810 2653 καί
832 2586 970 2671 τήμερον
991 2590 1056 2660 τοῖς
1077 2584 1135 2650 τού
1152 2587 1265 2650 ria-r

75 2878 78 2882 ,
133 2820 239 2872 ctiones
260 2819 419 2871 contrarium
440 2819 538 2871 exitum
552 2820 642 2871 sortiri
662 2835 741 2888 quum
759 2820 876 2883 videant,
896 2818 1057 2872 somniorum
1074 2834 1166 2873 rursus
1185 2836 1234 2871 ac-

132 2898 227 2943 cusant
245 2890 453 2959 ambiguitatem.
490 2890 613 2942 lubenter
629 2906 694 2942 vero
716 2891 839 2960 equidem
866 2906 912 2943 eos
929 2892 1092 2959 rogaverim,
1114 2892 1159 2958 qui
1178 2892 1233 2953 fiat,

132 2971 162 3014 ut
180 2964 246 3015 deus
266 2977 355 3014 eorum
377 2962 540 3019 facinoribus
559 2963 715 3014 adversetur
742 2971 768 3013 et
788 2977 894 3030 semper
920 2977 981 3027 spes
1001 2978 1034 3023 ex
1053 2962 1234 3028 praedicatio.

131 3034 211 3085 nibus
232 3042 375 3100 conceptas
396 3035 424 3084 in
444 3034 604 3085 contrarium
625 3042 722 3097 vertat,
742 3049 821 3101 quum
849 3033 1005 3099 praesertim
1025 3047 1116 3083 eorum
1136 3032 1234 3099 impie.

132 3106 181 3155 tati
201 3104 228 3156 in
247 3120 296 3156 nos
316 3106 489 3171 imperatores
508 3106 635 3156 maiorem
654 3114 734 3175 atque
754 3105 947 3157 evidentiorem
966 3104 1019 3155 vim
1040 3104 1143 3155 addant.
1181 3105 1234 3153 im.

132 3184 272 3243 peratores
300 3183 368 3227 enim
396 3176 476 3227 rebus
502 3178 647 3228 carissimis
673 3176 816 3240 orbantur,
842 3176 1019 3227 Romanorum
1039 3177 1117 3228 urbes
1136 3191 1234 3244 resque

132 3246 258 3314 publicae
277 3256 357 3315 atque
382 3249 502 3314 privatae
523 3248 680 3300 detrimenta
714 3249 838 3314 capiunt,
859 3248 946 3298 omnia
965 3248 1060 3299 ¹veluti
1088 3246 1234 3315 naufragiis

133 3320 260 3387 omnique
282 3319 461 3370 discriminum
482 3334 582 3387 genere
600 3319 752 3386 implentur.
791 3318 905 3370 debebat
923 3334 989 3369 vero
1010 3320 1076 3370 deus
1095 3319 1127 3370 iis
1146 3334 1234 3370 rerum

134 3389 291 3443 iclicitetem
312 3400 338 3441 et
356 3392 461 3458 imperii
480 3390 713 3457 amplificationem
740 3390 887 3457 praebere,
914 3397 1006 3457 utpote
1027 3391 1171 3457 patriorum
1189 3391 1234 3439 in-

133 3460 284 3523 stitutorum
305 3469 384 3531 atque
402 3463 553 3529 dogmatum
573 3461 722 3513 vindicibus
743 3469 770 3513 et
798 3460 998 3530 illegitimorum
1019 3459 1232 3528 castigatoribus.

132 3548 308 3600 neque-vero
337 3536 370 3585 iis
391 3548 423 3583 eo
450 3534 564 3585 maiores
590 3533 753 3585 calamitates
782 3532 923 3602 infligere,
943 3546 996 3599 quo
1015 3532 1098 3599 magis
1116 3538 1233 3582 nostram

68 3606 80 3627 ⁶
132 3607 349 3671 persecutionem
371 3606 519 3657 intendunt.
559 3622 591 3656 ex
610 3605 712 3657 duobus
734 3607 803 3656 enim
829 3604 940 3655 alterum
961 3604 1114 3655 necessario
1134 3616 1233 3653 conse.

104 3698 108 3705 ·
133 3675 234 3743 quitur,
254 3685 283 3727 ut
301 3685 346 3727 aut
366 3677 431 3728 deus
451 3678 563 3728 iniustus
585 3676 722 3740 habeatur,
746 3692 825 3745 quum
844 3676 995 3727 divinorum
1012 3675 1164 3740 dogmatum
1183 3673 1233 3723 de.

132 3747 295 3811 l'ensoribus,
316 3762 367 3816 quo
385 3748 493 3798 nornine
511 3763 572 3799 sese
597 3750 648 3815 ipsi
668 3748 749 3798 facile
777 3746 993 3814 appellaverint,
1012 3744 1168 3795 adversetur
1189 3754 1234 3796 aut

132 3820 192 3885 ipse
212 3820 348 3871 iustus‘iis
377 3820 474 3870 iniusto
501 3820 640 3886 agentibus
671 3835 750 3887 quum
768 3834 829 3870 sese
847 3818 989 3867 manifesto
1010 3824 1145 3882 opponat,
1164 3815 1238 3870 bene

132 3889 223 3953 iaciat,
244 3898 272 3939 ut
289 3890 498 3956 imprudentibus
517 3891 681 3955 prudentiam
712 3900 858 3953 eteorum,
888 3888 1002 3955 quaein
1021 3901 1070 3939 nos
1091 3890 1235 3939 commiss.

130 3969 204 4024 runt,
223 3962 415 4028 poenitentiam
436 3962 548 4012 iniiciat.
594 3963 639 4014 sed
658 3978 732 4014 niens
762 3976 854 4012 eorum
873 3961 899 4009 in
926 3960 1084 4011 dementiam
1104 3974 1234 4028 praeceps

131 4032 223 4083 delata
243 4048 346 4083 omnem
366 4033 473 4084 omnino
495 4033 567 4083 exuit
586 4034 760 4101 prudentiam.
1044 4024 1051 4044 ¹

234 4102 287 4156 Sed
308 4105 433 4171 quoniam
462 4104 576 4155 noudum
605 4121 689 4173 usque
717 4106 814 4169 hodie,
834 4119 913 4174 quum
935 4104 1120 4170 peregrinatus
1142 4100 1236 4162 fueris,
