3017 4759
309 275 385 349 292
612 275 834 346 tttOEPnottt
868 271 1096 340 Gnneonan

309 447 377 523 βεῑς
408 431 449 503 οῦ
468 439 606 524 Ιθέλουσι
639 439 733 520 λόγον
763 439 818 501 καί
851 433 973 519 βουλὴν
1008 436 1113 513 ζῶσαν
1145 423 1227 495 εἶναι
1253 427 1311 492 τὸν
1334 424 1423 507 υἱόν,

309 545 386 628 napi
407 545 442 607 dd
464 541 518 605 τὸν
540 537 613 604 θεὸν
636 537 790 621 podiam»
811 539 866 601 ael
889 532 1045 622 φρόνησιν
1064 536 1120 599 καί
1140 536 1258 620 σοφίαν
1280 529 1329 604 οῦς
1349 530 1422 606 ἕξιν

310 647 553 726 συμβαίνουσαν
575 639 965 720 νοί.α’νιοσυμβαι’νοοσον.
1014 637 1069 700 καί
1087 633 1203 716 ὁμοίως
1221 632 1377 716 Ἰωάννης
1402 628 1420 691 ὅ

286 737 345 809 ’ἐκ
370 745 546 825 Δομοὶοκου
567 741 718 824 βούλησιν
741 737 796 803 καί
819 743 937 825 υοφιάν
958 735 1014 800 καί
1036 737 1172 818 δύναμιν
1195 733 1248 800 νῦν
1270 729 1346 797 vids
1367 725 1422 795 εἶ-

309 869 362 909 ναι
384 845 465 926 λέγει
479 846 546 907 τοῦ·
561 841 697 924 πατρός·
721 840 761 902 οῦ
781 834 845 924 χρὴ
868 838 929 922 γὰρ
953 842 1053 922 λέγειν
1071 838 1126 902 ε’νιί
1145 839 1224 900 θεοῦ
1245 833 1444 917 αοεότητα,5

264 963 278 985 “
310 949 362 1010 ἵνα
382 944 427 1027 μη
451 939 606 1007 σι’νθειον
628 938 730 1005 ου’τῦν
753 938 935 1023 αοιὴυοομεν
968 940 1001 1016 ἐξ
1027 939 1139 1012 odores
1162 935 1215 1000 καὶ
1236 934 1419 1017 ποιότητος.

313 1045 369 1112 καί
390 1043 468 1128 πρός
490 1067 525 1126 γε
549 1041 565 1105 o‘
590 1045 771 1106 Νυσσοὲοον
795 1042 825 1105 Γ
824 1037 971 1125 ρηγῦριος
999 1031 1101 1114 ῦντοος,
1117 1040 1235 1124 σοφίαν
1257 1038 1313 1100 καί
1334 1041 1421 1116 βου·

312 1146 369 1230 tls
391 1147 485 1210 οῦδὲν
498 1147 605 1228 ’ἕτερον
617 1137 700 1207 εἶναι
721 1146 803 1225 λέγει
821 1139 901 1226 πλην
920 1144 975 1224 τῆς
988 1135 1051 1206 τοῦ
1064 1136 1190 1214 νιαντῦς
1201 1129 1421 1223 νιροενιινοοο-

310 1249 407 1333 μένης
430 1251 557 1332 σοφίας,
581 1243 614 1309 ἐν
635 1235 655 1331 ᾗ
677 1243 715 1307 τοὶ
739 1243 843 1307 πάντα
866 1241 985 1324 ἐγένετο
1009 1241 1063 1306 καί
1083 1239 1299 1326 ῦιεκοσμηθη·
1325 1243 1420 1320 Χρι-

246 1348 384 1426 {nonde
404 1348 465 1430 γὰρ
489 1349 569 1411 θεοῦ
592 1347 729 1426 δυ’νομις
751 1343 805 1409 κου’
828 1345 906 1407 θεοῦ
927 1348 1036 1429 σοφιύ.
1066 1345 1123 1406 καὶ,
1143 1344 1235 1408 τοῦτο
1258 1345 1320 1422 μὲν
1340 1341 1423 1423 περί
1431 1358 1458 1410 10

313 1454 370 1517 τοῦ
393 1445 512 1514 τοῦτὸν
531 1441 614 1536 εἶναι
637 1447 716 1512 sotei
740 1444 776 1510 τὸ
797 1442 1032 1530 σημαινόμενον
1065 1445 1181 1510 ον’σιάν
1203 1441 1343 1524 δύναμιν
1362 1441 1424 1504 καὶ

312 1551 466 1636 βούλησιν
489 1551 543 1613 καί
561 1553 691 1634 σοφίαν.
718 1545 751 1611 ἐν
774 1540 882 1623 ἄλλοις
904 1549 933 1610 d’
956 1546 1137 1630 εὑρίσκεται
1160 1547 1258 1627 λέγων
1280 1543 1297 1606 ὁ
1326 1549 1420 1619 θεῖος
1440 1581 1444 1588 -

217 1674 220 1684 '
314 1655 466 1732 Μάξιμος
499 1651 543 1725 οῦς
573 1648 592 1732 ἧ
628 1654 758 1734 θέληοος
790 1652 845 1714 καί
880 1647 899 1731 ἦ
926 1649 1078 1731 βούλησις
1108 1648 1166 1710 οῦκ
1201 1649 1271 1711 ἐστι’
1299 1631 1422 1710 τοῦτόν

313 1754 352 1838 τῇ
382 1754 474 1840 ου’σίρι
505 1753 562 1816 τοῦ
591 1752 680 1814 θεοῦ.
725 1750 768 1835 “ἧ
789 1753 848 1830 μὲν
868 1749 927 1832 γῦρ
959 1753 1089 1836 θέλησις
1110 1753 1167 1812 καί
1194 1742 1332 1830 ἄρχεται
1365 1749 1422 1809 καί

312 1852 470 1931 anderrn,
505 1850 525 1933 ἦ
560 1853 596 1913 δὲ
625 1853 718 1915 odoris
744 1842 816 1914 οῦτε
850 1845 985 1935 ἄρχεται
1018 1846 1090 1938 οὔτε
1122 1853 1266 1914 νιαῦεται.
1323 1846 1358 1913 τὸ
1390 1849 1458 1910 δ’15

266 1952 268 1957 ’
305 1950 492 2046 α’ρχόμενον
526 1954 581 2014 καί
607 1949 787 2033 παυόμενον
818 1956 864 2040 epi
887 1950 967 2034 μήτε
1000 1953 1166 2040 α’ρχομένφ
1194 1951 1273 2034 μήτε
1310 1972 1420 2013 αυυο·

311 2055 397 2141 με’νρι
419 2049 454 2115 τῦ
479 2049 557 2116 arico*
579 2045 659 2116 εἶναι
683 2053 724 2114 ου’
744 2048 892 2117 delentos.
940 2055 972 2117 εἷ
996 2050 1058 2136 γὰρ
1088 2049 1204 2117 roderis
1227 2043 1265 2135 η’,ν
1294 2053 1337 2137 τῇ
1356 2049 1420 2113 οῦ-

311 2159 366 2240 or'pr
398 2156 456 2218 τοῦ
482 2156 560 2217 θεοῦ
594 2153 614 2236 ἦ
643 2141 817 2240 βοῦλησις,
848 2157 944 2237 ἐχρῆν
984 2155 1061 2233 μιᾶς
1091 2145 1186 2237 οῦσης
1220 2153 1275 2235 τῆς
1304 2151 1420 2229 οῦοιάς

310 2259 390 2335 μιάν
413 2248 496 2320 εἶναι
515 2259 571 2321 καί
592 2242 649 2339 την
669 2259 813 2340 θέλησιν.
836 2257 905 2319 dtl’
927 2255 945 2338 ἦ
970 2252 1079 2341 γραφη
1102 2253 1206 2318 πάντα
1222 2251 1330 2338 φησίν,
1353 2246 1417 2316 ὅσα

312 2356 486 2439 η’θὲλησεν,
516 2359 654 2441 ἔνιοιήοε.
708 2353 806 2420 πολλοὶ
842 2349 898 2420 οὖν
930 2359 1067 2440 η’θὲλησε
1097 2358 1153 2419 καί
1175 2355 1234 2436 οῦχ
1255 2353 1317 2417 ἓν”.
1355 2355 1458 2421 stallo

313 2455 431 2536 ὁμοίως
442 2455 459 2519 ὅ
466 2460 568 2531 ,θεῖος
581 2456 742 2540 Κῦριλλος
758 2456 799 2541 “ri
808 2452 898 2532 ἓνός”
912 2480 990 2543 φησι
1000 2455 1340 2537 “ιο”νν’ω’νομοσμὲνοον,
1352 2479 1420 2517 πο-

313 2553 385 2639 τρὸς
414 2555 494 2638 λέγω
517 2554 573 2620 καὶ
591 2552 667 2619 οἱοῦ
688 2557 743 2621 καί
758 2557 850 2639 ἁγίου
871 2556 1059 2639 πνεύματος,
1084 2551 1291 2641 δρμιουργικη
1316 2553 1421 2638 θέλη-

314 2678 377 2732 σις,
399 2657 449 2741 ἐφ’
472 2649 533 2743 dap
552 2679 609 2742 περ
635 2647 675 2720 dv
704 2657 826 2739 λέγοιτο
850 2661 1000 2741 γενέσθαι
1028 2654 1147 2740 τυχὸν,
1167 2658 1325 2741 ἐνέργημα
1356 2657 1420 2736 μὲν

316 2903 346 2948 nt
354 2893 515 2950 Athanasius
525 2909 636 2964 magnus
655 2903 747 2949 contra
764 2896 878 2950 Arianos
892 2898 1012 2950 scribens
1031 2897 1109 2950 dicit:
1132 2895 1206 2964 impii
1223 2910 1278 2947 non
1296 2901 1419 2948 statuunt

316 2967 400 3020 lilium
423 2983 483 3020 esse
492 2967 621 3020 rationem
635 2975 662 3019 et
673 2969 838 3020 voluntatem
850 2970 949 3034 vivam,
960 2970 1006 3021 sed
1020 2971 1047 3020 in
1059 2970 1109 3020 deo
1121 2968 1286 3019 voluntatem
1299 2975 1327 3018 et
1336 2968 1418 3034 cogi.

316 3041 445 3091 tationem
455 3048 482 3091 et
494 3040 650 3106 sapientiam
660 3049 785 3108 tanquam
794 3037 913 3091 habitum
926 3043 1130 3092 convenientem
1144 3048 1170 3091 ct
1183 3039 1374 3091 discedentem.
1392 3045 1418 3089 et

317 3110 398 3163 simili
417 3112 521 3163 ratione
529 3111 642 3163 loannes
653 3113 834 3164 Damascenna
847 3110 1012 3164 voluntatem
1025 3121 1052 3164 et
1060 3111 1217 3179 sapientiam
1230 3117 1256 3160 et
1265 3111 1320 3163 vim
1331 3109 1417 3161 lilium

319 3197 379 3232 csse
398 3181 463 3231 dicit
480 3182 572 3247 patris.
590 3185 726 3235 nonenim
744 3198 884 3250 possumus
898 3185 1053 3250 praedicare
1067 3185 1100 3235 de
1115 3181 1164 3233 deo
1184 3181 1360 3250 qualitatem,
1382 3195 1417 3230 ne

318 3253 492 3317 compositum
513 3267 571 3302 eum
595 3254 724 3320 tingamus
745 3271 779 3305 ex
799 3255 915 3307 essentia
934 3263 960 3306 ct
982 3255 1119 3323 qualitate.
1141 3261 1168 3304 et
1186 3260 1328 3320 practerea
1344 3252 1414 3304 Gre-

317 3322 410 3390 gorius
430 3320 564 3387 Nyssacus
583 3322 664 3377 dicit:
689 3341 719 3376 re
747 3341 812 3377 vera
837 3327 998 3393 sapientiam*
1019 3335 1046 3377 ct
1064 3326 1230 3379 voluntatem
1257 3323 1325 3374 nihil
1356 3337 1416 3374 csse

276 3397 280 3402 ’
318 3407 396 3460 quem
426 3393 599 3458 sapientiam,
625 3396 780 3448 universnm
808 3399 1043 3463 praemeditatam,
1073 3398 1100 3448 in
1122 3411 1174 3465 qua
1200 3398 1328 3448 universa
1347 3393 1417 3445 lacta

317 3465 372 3515 sint
390 3470 417 3513 ct
435 3463 570 3515 adornata.
608 3464 728 3519 Christus
748 3470 818 3519 enim
846 3468 889 3520 dei
908 3478 949 3522 est
970 3471 1012 3522 ris
1040 3477 1067 3520 et
1083 3468 1126 3519 dei
1158 3468 1298 3534 sapientia.
1336 3473 1416 3532 atque

317 3535 370 3586 hoc
389 3535 496 3602 quidem
518 3535 635 3587 sulliciat
653 3537 685 3589 de
704 3553 746 3603 co,
768 3539 838 3606 quod
857 3541 926 3591 idem
949 3548 989 3593 est
1014 3556 1047 3591 ex
1067 3540 1264 3607 significatione
1289 3538 1416 3599 essentia,

319 3608 360 3658 vis
380 3615 407 3657 et
432 3606 556 3658 voluntas
587 3616 614 3659 et
636 3609 778 3676 sapientia.
817 3627 850 3662 ex
870 3611 931 3662 ollis
956 3613 1105 3678 reperimus
1124 3612 1256 3664 dicentem
1275 3609 1416 3662 dlaximum
1446 3608 1452 3618 '

318 3679 451 3730 divinumr
483 3678 624 3732 consilium
653 3688 680 3731 et
707 3680 832 3734 voluntas
860 3697 915 3733 non
941 3692 1002 3736 sunt
1020 3683 1090 3734 idem
1115 3690 1195 3750 atque
1219 3681 1338 3734 essentia
1357 3678 1416 3742 dci;

318 3749 444 3801 noluntas
464 3752 534 3802 enim
554 3757 581 3803 ct
599 3752 694 3818 incipit
714 3760 740 3802 et
758 3754 872 3818 desinit,
900 3756 1016 3806 essentia
1036 3762 1123 3806 antem
1141 3769 1230 3822 neque
1249 3752 1347 3818 incipit
1364 3765 1416 3801 ue-

319 3835 372 3886 que
392 3819 499 3890 desinit,
519 3823 589 3890 quod
608 3832 694 3874 autem
715 3825 810 3891 incipit
831 3833 858 3876 et
877 3827 984 3890 desiuit,
1006 3842 1063 3877 cum
1084 3840 1127 3891 co,
1142 3819 1217 3893 ¹quod
1234 3839 1325 3890 neque
1345 3819 1415 3872 inci-

320 3891 358 3956 pit
378 3905 467 3958 neque
486 3893 592 3955 desiuit,
611 3895 681 3946 idem
711 3911 845 3948 essenon
865 3905 960 3963 potest.
1000 3897 1097 3948 etenim
1118 3898 1140 3947 si
1169 3897 1239 3947 idem
1265 3903 1416 3956 essetcunt

320 3961 437 4012 essentia
454 3962 497 4031 dei
515 3963 650 4029 uoluntas,
669 3975 807 4032 oporteret
826 3983 884 4017 cum
903 3983 954 4019 uua
973 3969 1008 4020 sit
1020 3969 1145 4033 essentia,
1166 3981 1244 4018 unam
1259 3981 1320 4016 esse
1339 3965 1418 4016 etiam

321 4030 495 4085 uoluntatem.
533 4033 580 4084 scd
600 4038 746 4104 scriptura,
776 4039 874 4101 omnia,
905 4040 1006 4108 inquit,
1025 4055 1201 4108 quaecunque
1220 4035 1317 4100 voluit,
1340 4049 1417 4087 crea-

319 4105 369 4157 vit:
392 4102 476 4155 multa
494 4104 577 4171 igitur
596 4107 692 4172 voluit,
709 4123 799 4177 neque
818 4123 883 4161 vero
904 4126 993 4162 unum.
1030 4118 1056 4161 et
1075 4110 1156 4162 simili
1174 4111 1279 4162 ratione
1298 4105 1418 4174 Gyrillos

318 4165 441 4243 dimum,
466 4174 610 4248 voluntas,
630 4179 737 4253 inquit,
764 4181 841 4236 unius
860 4183 1071 4252 nominatorum,
1097 4184 1180 4256 patris
1199 4183 1259 4236 dico
1280 4187 1307 4233 ct
1324 4177 1375 4234 lilii
1394 4182 1420 4232 et

394 4267 429 4306 „x
456 4285 460 4296 ·
