3017 4759
234 196 456 269 msromae
484 196 742 267 nmrmrmr
766 197 875 267 xxvi.
893 185 1078 271 tr-te.
1168 191 1219 272 et

114 361 261 449 οἷλλήλων
282 365 525 445 θιαζευχθεῖσαι
546 363 627 428 κατὰ
645 367 742 431 πλείω
764 365 820 430 ναί
841 362 921 449 ἥττω
936 390 971 449 γε
994 367 1089 451 μέρη,
1105 367 1144 433 αἲ
1160 370 1220 449 μέν

114 566 152 631 ui
171 569 205 630 δὲ
226 566 287 630 τιόν
301 561 481 629 Κυκλάδων
501 559 627 647 ἥψαντο
649 567 763 649 νήσων.
808 566 889 631 ένιαι
904 570 948 651 ,δέ
972 567 1027 631 καί
1045 565 1218 649 α’ποόλιντο,

112 666 250 752 βρόχεσι
273 668 328 727 καί
346 663 536 746 τεναγώδεσι
556 662 665 742 τόποις
687 666 798 742 νυκτός
818 667 1103 753 προσρηγνόμεναι.
1148 672 1219 733 ε’πεί

87 769 146 831 δέ’
169 769 201 841 ές
233 765 383 830 Βενετιάν
412 767 524 848 σφίσιν
545 762 706 833 ἐπανιέναι
737 768 795 831 ουίι
824 762 861 850 ἦν
885 766 934 852 (τό
961 769 1022 855 γὰρ
1046 764 1131 848 έίπαξ
1152 771 1222 833 ἐκεῖ

112 869 152 955 τῇ
176 870 278 949 βουλῇ
306 868 451 950 κυρωθὲν
479 857 583 930 όλυτα
615 863 714 948 νόμου
746 870 899 950 ἰσχύοντα
930 863 1012 933 εἶναι
1033 873 1216 953 συμβαινει,

113 965 246 1034 εἶναιτί
269 968 373 1041 αότοΐς
396 968 519 1030 ἐκεῖθεν
540 972 812 1089 προστεταχμένον
842 972 931 1034 δυοῖν
925 964 1146 1090 θόιερον,”
1125 998 1141 1053 η
1168 995 1218 1033 νι-

113 1067 211 1151 νητός
233 1070 396 1133 ἐπανιέναι
418 1068 480 1131 πυόν
502 1063 713 1148 πολεμιων,
691 1095 709 1152 η
737 1062 940 1150 πολεμίοις“
918 1096 987 1151 αμα
1009 1068 1131 1146 πόντος
1153 1068 1221 1135 ἐκεῖ
1310 1081 1314 1095 “

114 1171 277 1255 σφαγῆναι
296 1166 414 1253 χερσί,
447 1169 539 1256 τῷδ’
563 1164 706 1244 αλλως’
691 1170 850 1235 επανιόντι
881 1171 1023 1237 θόνατον
1051 1168 1134 1238 εἶναι
1162 1171 1216 1237 τόν

72 1283 104 1336 10
115 1269 280 1353 αἴσχιστον
305 1269 523 1354 τούπιτίμιον,
550 1268 673 1355 όπόσρς
702 1270 892 1357 προφάσεως
923 1275 994 1338 λίαν
1018 1274 1217 1359 ὑπέρτερον),

114 1375 159 1448 είς
179 1368 319 1453 α’νόχνας
338 1362 437 1455 ᾔεσαν
451 1365 575 1435 όπασαι
596 1369 655 1445 τός
676 1369 787 1454 αι’τός,
810 1372 892 1437 εόθό
907 1377 1089 1453 Βυζαντίου
1115 1376 1216 1438 ἐλαί-

114 1496 178 1535 νειν
201 1468 420 1554 ἑκασταχόθεν
435 1470 562 1546 όπόσας
582 1473 616 1537 έν
636 1470 731 1559 όμοίρ
745 1475 784 1562 τῇ
803 1471 924 1561 χνιόμῃ.
968 1477 1086 1558 συνέβη
1107 1478 1280 1541 τοίνυνιῡ

114 1576 242 1656 συχνιόν
264 1568 389 1656 ἧμεροόν
409 1571 576 1655 σποράδας
597 1575 774 1656 ἠθροῖσθαι
798 1573 938 1656 τριήρεις
959 1576 994 1639 εἰι
1012 1572 1133 1639 τούτων
1156 1570 1215 1637 δύο

119 1673 175 1736 ναί
194 1671 410 1757 ὀγδοήκοντα,
434 1674 472 1738 αἳ
489 1672 526 1755 ὃν)
556 1673 612 1738 ναί
631 1672 709 1757 perci
732 1673 840 1757 βραχό
865 1678 1083 1740 κατέπλευσαν
1100 1673 1132 1751 ές
1158 1678 1219 1739 Τί-

75 1762 106 1843 15
117 1774 205 1839 νεόον
226 1770 314 1857 μόλα
334 1774 442 1853 μόλις·
489 1776 624 1856 χειμῶνι
655 1771 718 1857 peip
748 1778 936 1858 περιέτυχον
962 1768 1069 1856 αόθις,
1098 1777 1216 1866 μετρίῳ

116 1879 184 1958 μέν,
205 1877 355 1957 ένέτυχον
375 1878 402 1939 d'
424 1868 493 1940 σόν.
553 1875 675 1959 ἡμέρας
697 1878 725 1939 θ’
750 1877 819 1939 έκεῖ
835 1875 956 1958 συχνός
982 1883 1218 1963 περιμείναντες

117 1977 173 2041 τοῦ
192 1979 358 2059 χειμερίου
384 1973 562 2057 κλόόωυος,
585 1970 659 2040 όσον
677 1974 823 2063 ἐφικτόν,
854 1971 970 2054 ἓαυτός
990 1972 1216 2060 όνελόμβανον.

65 2096 71 2101 ·
117 2081 227 2141 νοτίων
250 2079 280 2139 d’
301 2073 409 2141 ἔπειτα
432 2085 542 2154 πνοαῖς
564 2078 596 2155 έξ
619 2078 732 2162 ου’ρίας
746 2076 921 2159 γενομένων
943 2074 1133 2162 α’νὴχθησαν
1156 2082 1218 2141 ἓω-

119 2182 185 2242 θεν.
228 2181 304 2260 περί
334 2179 370 2243 δὲ
394 2163 501 2262 δείλην
523 2179 622 2258 οἰμίαν
649 2180 832 2253 α’ντιπνοίας
860 2177 1032 2263 γενομένης
1051 2181 1162 2264 σφίσιν
1183 2180 1218 2241 έν

75 2292 109 2347 20
118 2278 267 2368 πρῴρας,
288 2282 328 2365 ’ές
357 2280 435 2361 μίαν
459 2282 520 2344 τῶν
551 2282 584 2343 έν
606 2279 804 2367 Χερρονήσῳ
828 2281 946 2344 πόλεων
967 2280 1219 2365 προσωρμίσθη-

117 2406 199 2460 σαν,
221 2383 418 2462 καλουμένην
440 2380 570 2465 Σηστόν.
624 2384 769 2445 κάκεῖθεν
798 2375 895 2456 αὖθις
918 2378 999 2462 μετὰ
1021 2381 1138 2456 πολλός
1159 2379 1218 2457 τός

117 2480 240 2565 ἡμέρας
255 2482 457 2563 ἐξέπλευσαν,
481 2480 573 2546 νότου
594 2486 738 2565 μαλακοῦ
756 2485 816 2563 μὲν
836 2479 894 2564 τήν
912 2475 1017 2567 όρχόν
1039 2484 1217 2567 γενομένου,

117 2584 351 2667 τραχυνθίντος
372 2584 401 2646 δ’
424 2584 457 2660 ές
477 2581 535 2666 τήν
554 2580 729 2669 ὑστεραίαν
752 2586 906 2649 τοσοῦτον
926 2578 1004 2648 ciere
1026 2584 1119 2664 μόλις
1141 2584 1217 2647 ἐθυ-

118 2906 172 2949 tnm
195 2898 222 2947 in
241 2895 362 2963 singulos
380 2896 427 2948 uei
445 2896 561 2949 maiores
580 2897 625 2949 tei
645 2897 762 2949 minores
780 2903 869 2964 partes
889 2896 993 2948 divisae
1009 2897 1103 2963 partim
1111 2897 1217 2953 cretam

118 2970 247 3032 redeunt,
268 2969 362 3035 partim
389 2968 422 3019 ad
440 2967 575 3021 Euboeam
595 2968 766 3032 deieruntur,
787 2969 881 3034 partim
902 2966 1002 3019 insulas
1022 2966 1153 3033 Cyclades
1172 2978 1216 3020 te-

118 3046 192 3094 nent.
233 3005 384 3107 complures
402 3053 486 3092 naves
504 3040 648 3103 intereunt,
667 3046 747 3090 nocte
767 3040 794 3090 in
813 3039 909 3090 brevia
927 3046 1008 3106 atque
1034 3040 1131 3091 vadosa
1154 3038 1217 3092 loca

119 3110 272 3178 compulsae
292 3118 372 3179 atque
392 3111 555 3163 confractae
593 3127 673 3180 quum
693 3119 780 3162 autem
800 3110 926 3162 Venetiae
946 3110 1059 3161 redire'
1052 3112 1086 3163 ris
1101 3126 1155 3163 non
1178 3112 1216 3164 li.
1295 3170 1300 3182 ,

120 3190 195 3233 ceret
214 3184 299 3251 (quod
328 3183 396 3234 enim
415 3182 498 3235 semel
517 3198 532 3234 a
551 3191 645 3234 senatu
670 3182 805 3235 decretum
832 3188 887 3245 est,
912 3183 938 3234 id
963 3181 1044 3233 habet
1070 3183 1123 3235 vim
1146 3183 1216 3251 legis

119 3255 299 3307 firmissimae:
324 3254 357 3305 ab
383 3268 415 3305 eo
443 3261 530 3305 autem
555 3253 711 3321 imperatum
740 3262 814 3318 erat,
844 3262 874 3304 ut
898 3261 943 3305 ant
962 3254 1080 3306 victores
1098 3256 1217 3306 redirent

118 3333 165 3377 ant
183 3341 275 3378 omnes
297 3325 413 3377 hostium
431 3325 551 3376 manibus
571 3326 799 3378 interficerentur:
820 3324 899 3376 aliter
918 3326 963 3394 qni
982 3326 1092 3389 rediret,
1112 3326 1217 3377 foedis.

119 3398 186 3448 sima
203 3412 272 3448 nece
291 3398 411 3464 punitum
436 3398 485 3460 iri,
511 3412 580 3465 quae
607 3395 683 3448 nulio
708 3404 848 3463 praetextu
874 3395 1002 3465 nullaque
1026 3412 1106 3448 causa
1130 3399 1217 3449 averti

119 3472 236 3537 posset),
254 3484 333 3538 quum
352 3469 392 3519 sic
412 3482 441 3519 ee
454 3469 536 3537 igitur
547 3484 590 3520 res
602 3466 723 3532 haberet,
742 3482 833 3519 omnes
852 3467 943 3519 eadem
955 3467 1118 3519 necessitate
1131 3469 1217 3519 coacti

119 3538 237 3606 undique
259 3539 340 3591 simili
361 3538 475 3609 consilio
495 3547 568 3591 recta
587 3539 744 3606 Byzantium
767 3554 870 3591 cursum
890 3539 1023 3590 direxere.
1060 3540 1100 3591 ita
1121 3539 1217 3589 iactum

121 3618 172 3672 eet,
195 3617 224 3661 ut
243 3626 275 3661 ex
294 3610 444 3661 triremibus
461 3610 516 3662 iilis
534 3610 631 3662 multos
656 3612 713 3663 dies
738 3610 866 3677 dispersis
891 3612 1028 3679 octoginta
1053 3610 1121 3661 duae
1149 3624 1217 3659 con.

120 3682 263 3745 venirent,
283 3698 353 3750 quae
370 3682 447 3733 brevi
470 3690 590 3749 tempore
609 3682 768 3748 interposite
794 3683 840 3735 vix
865 3697 1001 3751 aegreque
1020 3680 1153 3732 Tenedum
1172 3689 1217 3732 te.

119 3753 230 3815 nebant,
251 3767 330 3820 quum
349 3754 444 3804 iterum
463 3752 491 3804 in
510 3761 694 3819 tempestatem
714 3754 875 3817 inciderent,
894 3753 1023 3804 modicam
1033 3753 1150 3821 quidem,
1170 3754 1217 3804 sed

119 3831 305 3891 tempestatem
325 3832 422 3875 tamen.
461 3824 498 3875 ibi
517 3825 621 3891 aliquot
645 3824 702 3876 dies
728 3826 882 3875 commorati
902 3840 981 3892 quum
1011 3840 1043 3876 ex
1070 3831 1217 3891 tempesta.

119 3906 173 3948 tum
193 3893 372 3963 fluctuumque
395 3894 555 3959 calamitate,
575 3892 699 3963 quantum
719 3896 776 3948 fieri
798 3896 884 3963 potuit
898 3911 959 3948 sese
978 3904 1155 3962 recreassent,
1167 3910 1217 3945 au-

119 3976 174 4019 stro
195 3967 313 4018 secunde
333 3966 414 4019 dante
436 3967 539 4018 oriente
558 3966 617 4017 sole
636 3968 663 4018 in
682 3966 763 4020 altum
773 3967 895 4034 provecti
915 3975 994 4030 sunt;
1013 3967 1062 4020 sub
1076 3979 1218 4032 vesperam

120 4047 208 4090 autem
228 4039 342 4091 adversa
366 4045 525 4105 tempestate
546 4045 638 4089 exerta
666 4038 828 4106 appulerunt
853 4039 885 4090 ad
912 4039 1002 4089 urbem
1034 4039 1161 4107 quandam
1190 4037 1217 4085 in

121 4110 291 4166 Cherroneso
306 4112 394 4176 sitam,
409 4120 477 4179 quae
490 4108 581 4163 Sestus
594 4109 699 4162 dieitur.
719 4110 781 4163 inde
794 4110 884 4162 multis
896 4110 994 4178 elapsis
1004 4109 1097 4161 diebus
1113 4108 1217 4159 disces.
