3017 4759
305 225 379 297 376
608 229 835 298 NICEPHORI
866 231 1096 300 Gunooutn

303 415 356 456 ται
379 397 560 476 σομμαχίδν
585 393 659 474 αέί,
688 390 798 458 ἔπειτα
818 391 873 458 καί
893 395 1081 485 μεγαλονοίᾳ
1108 399 1146 482 τῇ
1167 399 1207 482 σῇ
1230 396 1376 479 ου’φοοῖίς
1391 418 1429 459 τε

305 492 526 586 ἀναλεξαμένῳ
548 495 586 559 ια’
609 498 844 578 χρειωδέστερα
861 499 924 558 ruis
939 498 1045 584 έκείνφ
1062 499 1238 578 λεχθέντων
1256 495 1316 559 καί
1337 494 1429 579 τρά-

302 598 401 675 πεζαν
422 595 498 681 ἡμῖν
515 596 645 681 ἡδίστην
677 598 759 661 ου’τὰ
783 601 959 678 παραθέντι
980 596 1218 680 μεγαλοψύχως
1250 597 1310 660 καί
1339 600 1426 682 δίχα

266 701 457 784 Ιφορτικοῦ
481 695 565 772 τινος
596 691 696 781 ἤθους
724 696 852 775 παντός.
905 698 945 764 cai
969 702 997 764 δ’
1020 701 1051 766 εἰ
1068 697 1197 781 βούλει,
1220 702 1276 764 καί
1301 702 1425 764 δευτέ-

302 823 363 880 ραν
398 802 471 879 έμοί
512 799 632 881 ταύτην
665 797 779 886 ἔφεσιν
800 799 879 885 πρδς
910 805 990 865 θεοῦ
1021 807 1120 865 τελεῖν
1161 803 1448 887 προθομήθητι.5

302 897 422 982 οἷκὴκοα
444 897 504 980 γὰρ
526 900 582 962 καί
599 899 739 985 Ἰωάσαφ
762 900 818 964 τδν
838 899 1150 986 προβεβασιλεοκότα
1176 905 1423 988 Καντακοοζη-

301 997 366 1083 νίν,
388 999 560 1064 α’νιαθέντα
585 1007 657 1068 λιάν
690 1004 744 1066 ε’πί
771 1007 814 1094 τῷ
836 1005 866 1068 Γ
865 1006 983 1092 ρηγορᾴ
994 987 1142 1088 Ιγραφαῖς
1175 1002 1230 1067 καί
1249 1003 1421 1086 ἱστορίαις

302 1109 441 1182 μακραῖς
462 1099 613 1165 δεδωκότι
636 1099 674 1165 τέ
706 1107 762 1184 τῆς
787 1107 953 1182 διαλέξεως
974 1106 1110 1186 ταυτησί
1138 1103 1193 1168 καί
1215 1104 1331 1180 α’κοαῖς
1357 1109 1423 1189 δη-

301 1201 431 1281 μοσίαις
459 1202 507 1264 ἐπ’
543 1200 679 1292 αἰσχύνη
712 1214 779 1282 τοῖς
810 1205 899 1292 α’μφί
929 1209 1093 1286 Παλαμᾶν
1117 1205 1284 1285 δεδοικότι,
1318 1213 1420 1272 ταῦτ’

303 1290 368 1384 ἄρα
390 1306 473 1386 μέρη
495 1303 566 1366 τινα
589 1308 651 1367 ταῖν
672 1311 862 1392 γραφέντων
885 1305 1110 1388 α’ναλαβὸντα,
1135 1310 1247 1388 λογίων
1269 1309 1420 1390 α’μαθοῖν
1431 1337 1460 1392 1⁰

301 1397 380 1465 οἴκοι
402 1405 616 1487 σογκροτῆσαι
646 1410 799 1491 συνέδρια
833 1412 972 1490 συνεχῆ,
1000 1412 1055 1471 καί
1078 1405 1251 1490 θεολόγονς
1273 1407 1420 1489 α’λόγοος

300 1507 536 1587 χειροτονῆσαι,
557 1509 705 1571 παιδείαν
721 1513 871 1596 ἔξαίφνης
896 1509 1159 1594 α’παιδαγοδγητον
1172 1507 1418 1595 ε’μφοσησαντα

301 1609 405 1691 σφίσι,
426 1606 482 1671 καί
501 1611 707 1675 διαλεκτικῶν
727 1614 880 1677 α’νοὶδοσιν
902 1611 1091 1695 αὐθημερὸν
1114 1607 1232 1676 οδεεοοί
1259 1638 1418 1698 μηχανη-

301 1706 438 1787 σάμενον
470 1707 694 1802 αρίτοσχέδιον,
720 1716 777 1776 καί
794 1710 894 1788 οὕτως
915 1711 1043 1778 εἰπόντα
1076 1709 1115 1796 δη
1139 1712 1195 1777 καί
1219 1711 1417 1779 α’κοὺσαντα

184 1845 193 1854 -
303 1808 463 1891 λοιδορίας
486 1812 689 1890 παμπόλλους
720 1812 798 1878 κατὰ
833 1819 897 1880 τῶν
918 1816 978 1878 rori
1001 1817 1032 1880 Γ
1031 1817 1153 1898 ρημορᾶ
1175 1813 1335 1900 ῥημάτων
1361 1821 1419 1881 κατ’
1428 1853 1458 1905 15

302 1909 403 1993 λόγων
424 1912 561 1996 ἐκείνων,
582 1910 749 1978 ταδτδνδ’
774 1918 875 1980 εἰπεῖν
890 1911 969 1980 κατὰ
992 1915 1046 1998 τῆς
1067 1915 1234 1996 εὐσεβείας
1257 1908 1417 1998 ἄντικρυς

304 2012 414 2095 αὐτῆς,
439 2010 548 2078 ἔπειτα
571 2014 694 2080 πλείοσι
722 2019 859 2099 βιβλίοις
890 2013 970 2082 naiso
991 2015 1260 2100 μετεγγράψαντα
1284 2021 1418 2084 διανεί-

303 2139 363 2195 μαι
393 2123 460 2190 τοῖς
480 2112 704 2202 αἱρεσιοίτοις,
727 2123 782 2182 καί
809 2117 995 2203 μυρμηκιὰν
1021 2119 1192 2202 λοιδοριῶν
1213 2117 1247 2182 ἐν
1264 2130 1418 2206 γραφαῖς

268 2215 444 2298 οοῖσελγῶν
464 2216 521 2301 την
544 2219 696 2302 ταχίστην
717 2223 965 2302 προστεταχέναι
991 2217 1154 2302 φενέσθαι.
1188 2218 1257 2295 ἑνὸς
1278 2223 1309 2284 δ’
1326 2225 1417 2288 ἐκεῖ·

304 2321 361 2380 θεν
382 2319 438 2381 καί
467 2317 596 2400 ἡμίσεος
619 2323 765 2398 ε’νιαοτσῆ
789 2326 966 2403 τριβέντας,
1002 2316 1092 2384 κενὸν
1113 2321 1177 2384 καί·
1192 2321 1354 2404 α’νὴνοτον
1377 2329 1456 2410 cipp

302 2420 367 2481 sois
388 2417 526 2484 ἐλπίδων
546 2422 641 2505 σφίσι
661 2425 758 2503 θέρος
782 2421 969 2504 ἐβλάστησε.
1018 2425 1075 2485 καί
1094 2419 1134 2485 τοὶ
1156 2423 1212 2504 τῆς
1234 2427 1416 2506 παροιμίας

235 2566 238 2573 .
303 2516 445 2600 α’τεχνοός
467 2514 622 2603 ἓωρᾶτο··
649 2514 744 2586 ὤδινε
763 2518 838 2604 φέρ,
861 2523 968 2605 φησίν,
986 2513 1060 2605 ὅρος
1082 2524 1137 2586 καί
1155 2519 1243 2586 ἔτεκε
1264 2527 1343 2606 μῦν,
1357 2528 1416 2591 καί

171 2631 254 2688 t156
265 2645 292 2686 r.
302 2613 462 2706 ἄνθρακες
479 2614 564 2705 η’σαν
581 2622 691 2698 αὐτοῖς
711 2619 742 2687 οἱ
763 2619 1024 2707 προσδοκώμενον
1042 2621 1218 2710 θησαυροί.
1250 2623 1309 2690 καί
1333 2618 1414 2691 ὅσαι

303 2952 424 3023 pientiae
444 2953 545 3020 qnippe
566 2951 612 3022 qni
634 2952 747 3021 egregie
771 2951 1010 3006 communicaveris
1034 2967 1140 3006 mecum
1167 2968 1347 3024 quaecunque
1367 2959 1411 3010 di.

303 3033 405 3080 ctorum
433 3024 507 3077 illins
539 3025 767 3091 praestantissime
791 3031 854 3076 sunt
880 3023 977 3094 hisque
1002 3041 1120 3078 mensem
1149 3026 1214 3078 mihi
1248 3032 1411 3094 apposueris

302 3098 487 3154 suavissimam
507 3113 566 3148 eum
588 3098 669 3147 enimi
687 3095 870 3165 magnitudine
889 3103 917 3147 et
934 3112 1035 3148 summo
1056 3099 1158 3150 oiiicio.
1195 3105 1224 3150 tn
1238 3101 1346 3151 verosi
1367 3103 1409 3153 vis

302 3171 355 3223 hoc
382 3183 489 3237 quoque
519 3166 631 3219 aiterum
659 3168 725 3218 mihi
753 3183 879 3235 exponas.
927 3169 1017 3220 audivi
1046 3170 1116 3221 enim
1141 3185 1233 3236 regem
1261 3170 1409 3239 iosephnm

255 3300 259 3311 .
304 3242 521 3296 Cantacuscnum
547 3237 723 3291 vehementer
748 3239 844 3292 iratum
864 3237 1002 3308 Gregorio
1029 3242 1074 3310 qui
1100 3241 1201 3308 scripta
1226 3249 1253 3292 et
1276 3241 1406 3296 historias

303 3313 399 3378 longas
418 3311 452 3362 do
465 3311 646 3376 disputatione
665 3310 883 3364 iiicoouieccrut
902 3320 929 3363 et
946 3310 1049 3378 publici
1069 3312 1171 3364 feceret
1188 3314 1255 3364 iuris
1272 3313 1302 3364 in
1323 3315 1406 3382 igno.

302 3384 411 3436 minium
437 3381 598 3433 asseclarum
619 3380 760 3446 Ptolemae,
788 3399 803 3434 e
831 3382 906 3436 libris
929 3385 1066 3452 'quaedam
1092 3383 1209 3450 elegisse
1228 3391 1255 3435 et
1269 3386 1340 3436 domi
1361 3389 1406 3438 in.

303 3461 451 3523 terprctum
471 3453 639 3504 indoctorum
659 3454 831 3507 conclamatis
851 3455 984 3520 synedriis
1003 3453 1090 3522 pionis
1120 3464 1147 3507 et
1165 3456 1304 3508 advocatis
1324 3457 1406 3510 theo.

304 3527 376 3595 logis
393 3524 561 3589 ementibus,
582 3524 673 3576 horum
702 3540 755 3594 ope
780 3535 893 3595 repente
918 3527 1051 3579 doctrinas
1079 3527 1199 3579 indoctus
1225 3527 1359 3580 conflasse
1380 3538 1406 3582 et

305 3599 401 3651 eodem
420 3598 463 3648 die
481 3598 521 3648 sic
540 3611 691 3649 sermonum
712 3600 907 3666 expositionem
929 3613 962 3649 ex
978 3607 1099 3664 tempore
1121 3599 1286 3654 instituisse:
1307 3599 1404 3652 deinde

303 3686 363 3723 enm
394 3677 534 3738 postquem
564 3669 676 3720 ¹dixisset
706 3677 733 3720 et
767 3671 914 3722 audivisset
940 3670 1063 3722 convicia
1091 3669 1173 3721 multa
1200 3672 1230 3721 in
1257 3667 1404 3738 Gisgonem

186 3738 188 3747 ’
302 3757 411 3809 unaque
433 3742 472 3793 sic
490 3742 518 3793 in
536 3741 620 3808 ipsam
640 3741 698 3792 eius
717 3741 860 3808 pictatem,
883 3741 950 3794 haec
971 3740 1092 3808 pluribus
1110 3739 1186 3792 libris
1206 3743 1403 3809 conscripsisse

304 3822 332 3866 et
350 3813 453 3865 truditis
473 3813 515 3863 his
533 3813 561 3865 in
583 3827 674 3865 manns
695 3811 891 3864 haereticorum
909 3814 1021 3865 iussisse
1039 3828 1115 3882 quem
1137 3813 1279 3864 celerrime
1298 3813 1402 3866 turbam

304 3884 488 3936 conviciorum
508 3885 719 3951 turpissimorum
744 3884 772 3934 in
793 3885 899 3952 scriptis
925 3883 1005 3954 effici.
1044 3884 1090 3936 sed
1110 3898 1179 3935 enno
1199 3898 1254 3934 uno
1272 3897 1304 3936 ao
1323 3885 1402 3936 dimi.

303 3956 348 4010 (iio
366 3953 551 4023 praeterlapso
573 3957 660 4008 inanis
686 3965 713 4008 ct
737 3955 879 4008 infecunda
898 3957 1125 4024 exspectationum
1150 3962 1240 4006 aestus
1265 3955 1300 4006 iis
1322 3955 1402 4008 cisso.

307 4029 370 4092 ruit,
393 4034 420 4079 ct
438 4026 508 4095 qnod
528 4028 613 4078 estin
632 4028 778 4095 proverbio
789 4027 857 4080 iliud
867 4031 1039 4096 conspicuum
1054 4034 1128 4080 eret:
1146 4025 1313 4093 parturiebat
1332 4030 1401 4080 enim

305 4107 335 4151 ut
354 4101 429 4151 ciunt
448 4111 524 4150 mons
540 4105 567 4148 ct
588 4102 682 4168 genuit
700 4115 821 4164 murem;
840 4103 911 4153 etin
931 4100 1060 4152 curbones
1081 4097 1199 4150 abierant
1212 4097 1333 4151 thesauri
1352 4115 1403 4150 cx.

303 4171 436 4240 ιριοιιιίς
464 4177 491 4224 et
509 4184 578 4240 qnae
597 4170 631 4224 de
658 4171 810 4228 huiusmodi
830 4187 894 4228 casu
912 4171 1067 4228 terebantur
1082 4169 1228 4240 proverbia
1246 4167 1329 4224 incito
1349 4171 1402 4226 ian
