3017 4759
75 287 78 292 ‘
171 245 392 349 nieronmn
414 278 678 351 ntznnmnnn
694 275 819 352 xxxi.
843 268 978 353 te-t
988 271 1029 354 8.
1108 271 1186 355 tet

79 440 277 524 ποιήμασιν,
307 443 387 528 ήτά
407 441 579 528 μετέχοντα
601 445 702 526 πάντα
724 445 886 531 ποιήματα
915 447 1042 514 ἔσονται
1063 451 1187 528 πάντας

84 536 233 606 ἀκτιστα·
278 541 321 620 ὦς
335 543 397 630 γὰρ
419 544 529 672 τάτρῦ
551 545 648 609 αὐτοῦ
665 547 818 611 διπλάσια
834 545 890 611 ἴσα
914 548 1061 635 ἀλλήλοις
1084 549 1185 633 ἀναμ-
1198 560 1250 613 n

47 635 278 726 φιβάλας
263 646 353 723 εστί,
383 647 438 711 καί
466 639 508 709 αυ
534 644 574 710 τὰ
604 649 661 711 τοῦ
682 647 780 712 αὐτοῦ
800 654 836 733 γε
865 645 982 772 ῆμίση
990 674 1046 715 ισα
1068 649 1188 733 ὁμοίως

84 742 279 827 ἀλλήλοις,”
260 751 355 808 επειτ’
373 741 411 813 ἀν
422 746 547 822 πάντας
562 771 616 811 και
629 744 673 810 τὰ
682 749 738 811 τοῦ
753 745 851 811 adeat
865 748 1031 835 ἀπειράκις
1035 750 1188 875 ἀπείροις

51 841 244 930 δυφειμὲνα
260 843 315 909 ι’σα
335 846 481 931 ἀλλήλοις
505 841 587 912 εἶναι
605 849 661 913 καί
681 845 820 974 ρμότιμα
838 874 891 915 και
908 848 1050 936 ὁμοταγῆ
1061 851 1143 916 κατά
1152 875 1187 937 γε

81 943 118 1010 τό
143 945 287 1011 ἐκτίσθαι
311 948 366 1012 και
388 946 567 1034 υφεΐσθαι·
592 941 635 1014 ὧν
646 947 718 1072 γὰρ
737 951 902 1035 ἀπειράκις
925 950 1065 1036 ἀπείρως
1088 950 1186 1038 ὕπερ-

84 1045 238 1164 ε’ξήρηται
270 1046 288 1114 e‘
320 1048 413 1126 θεός,
442 1053 540 1115 ταῦτα
569 1049 657 1114 πάντ’
687 1051 854 1135 ἀπειράκις
887 1051 1027 1137 ἀπείρως
1058 1049 1188 1137 υφεῖται

82 1148 141 1212 τοῦ
164 1149 242 1213 θεου
265 1173 317 1214 και
338 1151 451 1272 χώραν
472 1151 521 1216 ἐπ’
543 1149 614 1237 ι’σης
634 1151 703 1232 ἔχει
730 1160 797 1231 τοῖς
817 1155 970 1236 κτίσμασι
993 1152 1049 1235 τὴν
1071 1151 1183 1238 αάτήν·

82 1247 166 1330 μετά
195 1248 256 1334 γάρ
288 1252 343 1334 τῆς
366 1250 464 1334 αὐτῆς
491 1253 665 1338 ἐπιστήμης
695 1257 751 1319 καί
773 1281 790 1319 ο
820 1256 921 1339 με’γας
942 1254 1060 1340 φάσκει
1079 1257 1186 1321 Βασί-

34 1355 169 1427 λῡλειος
189 1350 228 1415 τὰ
250 1353 283 1415 ἐν
304 1353 350 1438 regi
372 1350 459 1438 αὐτή
478 1353 583 1440 μίτρη
613 1360 690 1440 παρ’
724 1353 857 1420 ὁτουοῦν
888 1352 1109 1440 ὑπερεχόμενα
1130 1353 1186 1420 ἴσα

84 1451 236 1536 ἀλλήλοις,
256 1445 347 1516 εἶναι.
1084 1471 1091 1500 ι

181 1552 280 1620 Ἀλλα
301 1554 420 1616 τούτων
433 1553 492 1636 μὲν
516 1552 602 1630 ἅλις·
646 1551 734 1633 ἔχετε
747 1553 810 1640 γὰρ
824 1554 984 1636 μαθόντες
1003 1551 1059 1638 τήν
1082 1555 1186 1620 αἰτίαν
1198 1570 1251 1623 ss

83 1657 126 1716 δι’
151 1649 190 1736 ήν
211 1652 252 1718 τά
272 1648 344 1735 ἑξῆς
364 1656 419 1737 τῆς
439 1655 495 1717 τοῦ
520 1652 611 1738 ἁγίου
635 1651 758 1740 ῥήσεως
778 1650 952 1739 σεσιγηκώς
976 1651 1109 1740 ἡμιτελῆ
1131 1655 1187 1722 καί
1263 1651 1267 1657 ’

83 1752 140 1818 τὸν
162 1755 282 1818 ἐκείνου
316 1753 585 1838 συγκαταλὲλσιπε
616 1755 700 1818 νοῦν.
743 1754 937 1837 βουλόμενος
957 1752 1019 1840 γάρ
1043 1756 1095 1818 ἵνα
1115 1767 1184 1841 τ’ρι-·
1235 1771 1238 1776 ·
1273 1773 1307 1826 ,ζ
1370 1765 1375 1784 ’

35 1851 288 1922 tentoriarum
310 1853 461 1919 σύνθεσιν
490 1856 523 1918 ἐν
551 1857 598 1940 τρῖ
622 1856 784 1941 Θαβωρίηι
812 1851 993 1940 πεποιηκώς
1023 1853 1078 1919 τὸν
1101 1859 1185 1942 Χρι-

84 1955 160 2021 στόν
183 1957 383 2042 συνάναρχόν
403 1979 436 2019 τε
467 1958 522 2021 καί
556 1958 720 2022 συναῖιλιον
741 1956 899 2042 ἀποδείξῃ
928 1949 1090 2042 τῆάὐτοῧ
1110 1958 1185 2022 θεό-
1262 2041 1264 2045 .

82 2081 154 2141 τητι
174 2058 230 2146 καί
253 2061 288 2121 τὸ
311 2057 386 2142 περὶ
408 2056 503 2122 αὐτὸν
526 2059 626 2121 ἐκεῖνο
653 2060 824 2142 τηνικαῦτα
844 2057 1011 2142 γενόμενον
1033 2060 1119 2144 φῶς,
1143 2056 1187 2135 ὥς
1246 2084 1249 2089 ·

85 2152 167 2221 einer
196 2160 244 2244 τῷ
272 2162 407 2244 Χριστηῖ
438 2158 492 2224 δύο
522 2159 581 2241 μὲν
616 2159 788 2233 ἀκτίστους
802 2160 925 2222 ἐκεῖθεν
956 2157 1110 2242 θεάτητας
1129 2160 1187 2222 τοῦ

84 2260 205 2336 λοιποῦ,
230 2259 284 2324 δύο
308 2261 338 2322 d’
364 2259 548 2334 ἀκολούθως
569 2260 734 2334 ἀκτίστους
750 2260 906 2343 θελήσας,
928 2261 984 2324 καί
1004 2259 1112 2343 τρίτην
1129 2258 1185 2342 τήν

33 2358 339 2444 σοάνθραπάτητα,
375 2359 469 2426 ἔπειτ’
505 2361 741 2444 ἀπαγορεύοντα
774 2359 973 2442 θεασάμενος
1004 2365 1059 2425 τὸν
1096 2364 1185 2424 θεῖον

84 2461 240 2541 Μάξιμον
263 2463 295 2523 ἐν
316 2460 441 2546 ταάτηῖ,
473 2462 528 2526 καί
555 2458 610 2526 “nd
633 2458 762 2544 θελήσει
782 2462 838 2524 τοῦ
860 2460 1067 2543 πεποιηκότος
1095 2459 1185 2545 γενό-

30 2617 32 2626 .
73 2559 194 2644 ”μενον”
212 2561 340 2646 λέγοντα
357 2560 433 2624 “min
457 2557 495 2626 ἀν
517 2560 567 2647 εἴη
585 2561 661 2626 ποτὲ
681 2563 728 2647 τῷ
749 2559 922 2644 θελήσαντι
945 2557 1021 2624 alind
1033 2559 1186 2645 γενέσθαι

84 2662 288 2740 evanidam?
317 2665 415 2749 τριχῆ
442 2665 497 2742 καὶ
523 2665 665 2750 τετραχῆ
692 2665 885 2753 τεμαχίοις,
913 2659 934 2726 d
958 2663 1018 2745 μὲν
1043 2657 1205 2747 ἐδυνήθη

84 2999 271 3067 participantia
292 3015 374 3068 opera
401 3008 478 3052 erunt
506 3002 612 3052 omnino
636 3000 764 3052 increata.
803 3000 901 3051 etenim
927 2999 1046 3050 eiusdem
1067 2996 1185 3066 duplicia

84 3073 155 3121 inter
174 3087 203 3122 ae
223 3073 331 3122 omnino
352 3072 426 3138 paria
449 3081 512 3128 aunt
530 3081 557 3122 et
569 3073 698 3128 ,eiusdem
717 3070 825 3123 dimidia
852 3069 976 3122 similiter
995 3071 1064 3122 inter
1082 3086 1113 3121 ae
1133 3086 1185 3137 pa.

84 3141 133 3202 ria,
158 3143 235 3196 etiam
256 3144 363 3194 omnino
383 3143 499 3196 eiusdem
520 3144 548 3194 in
566 3143 696 3194 inlinitum
717 3139 838 3193 subiecta
853 3143 926 3193 inter
937 3157 967 3192 ae
985 3143 1058 3208 paria
1077 3150 1139 3193 eunt
1157 3150 1186 3194 et

86 3211 201 3262 eiusdem
222 3215 302 3280 pretii
323 3224 349 3266 et
368 3215 483 3278 ordinis,
505 3215 575 3282 quod
594 3216 625 3265 ad
645 3215 808 3264 creationem
838 3221 864 3264 et
882 3213 1076 3265 subiectionem
1094 3215 1184 3299 perti.

85 3290 139 3344 net,
160 3298 218 3336 nem
240 3301 318 3352 supra
339 3287 431 3338 haec
424 3303 451 3336 rn
477 3286 607 3336 inlinitum
628 3285 713 3336 elatus
734 3288 775 3336 eet
792 3285 873 3347 deus,
898 3284 964 3336 haee
986 3285 1073 3340 omnia
1092 3287 1120 3336 in
1139 3287 1184 3337 in.

85 3351 184 3404 linitum
203 3358 333 3408 inferiora
360 3359 410 3409 deo
437 3366 498 3409 sunt
528 3365 555 3407 et
583 3355 670 3407 locum
704 3356 815 3406 eundem
846 3371 905 3408 eum
926 3357 1056 3408 creaturis
1075 3355 1182 3409 habent.

88 3423 175 3480 eadem
195 3429 299 3478 ratione
317 3443 426 3496 magnus
446 3428 562 3480 Basilius
592 3443 660 3494 qliae
681 3443 739 3478 cum
762 3427 852 3478 eadem
874 3443 997 3480 mensura
1016 3429 1043 3478 in
1061 3443 1184 3496 quacun

87 3511 136 3562 que
155 3513 185 3548 re
204 3499 334 3564 evadunt,
354 3501 423 3550 inter
451 3515 511 3552 aere
540 3501 613 3568 paria
642 3515 701 3550 ease
722 3499 796 3552 dicit.

182 3591 235 3644 Sed
260 3594 291 3644 de
316 3593 358 3644 hie
390 3596 442 3646 inm
465 3598 539 3648 satie.
583 3596 693 3646 antdietis
720 3596 790 3646 enim
817 3609 942 3657 eandam,
968 3609 1015 3644 em·
1043 3596 1184 3660 sequentia

86 3663 151 3714 tacti
170 3666 301 3715 sermonis
334 3665 441 3717 silentio
471 3669 681 3732 praetermiserit
690 3649 818 3717 dtmidla
852 3673 880 3716 et
911 3663 987 3716 illiue
1024 3667 1183 3718 sententiam

85 3733 162 3800 plane
189 3735 339 3802 reliquerit·
384 3737 471 3788 voluit
497 3740 565 3802 enim
593 3738 758 3792 Christum
750 3753 778 3788 m
806 3736 910 3788 Thabor
933 3734 1066 3800 triplicem
1090 3737 1183 3794 reddi.

85 3813 135 3856 tum
167 3814 193 3856 et
215 3806 389 3872 principalem
424 3816 450 3857 et
474 3816 610 3862 aeternum
637 3809 781 3860 ostendere
806 3822 856 3872 per
881 3807 939 3857 eiua
974 3807 1130 3871 deitatem,
1156 3815 1184 3860 et

85 3877 152 3944 qrrod
178 3881 273 3931 attinet
299 3877 385 3929 lucem
408 3878 482 3928 illam
507 3888 559 3930 turn
587 3881 658 3930 eirca
688 3895 747 3930 eum
775 3878 885 3940 iactam,
912 3877 1016 3930 Christo
1038 3893 1098 3929 ease
1117 3880 1182 3931 duat

85 3949 213 3998 increatas
239 3949 373 4013 deitates,
396 3950 459 4000 dans
478 3963 557 4014 porro
579 3953 710 4003 increatas
738 3949 907 4011 voluntates,
933 3951 1037 4000 tertiam
1059 3950 1181 4001 humani.

85 4026 170 4071 tatem.
218 4020 281 4072 dein
310 4020 356 4071 ubi
384 4020 501 4071 divinem
528 4021 665 4073 niaximum
693 4023 762 4073 vidit
782 4021 914 4071 dicentem
936 4020 1075 4072 voluntate
1101 4035 1181 4072 eren.

85 4089 147 4142 toria
179 4090 273 4142 laetam
298 4106 376 4156 erse,
403 4106 457 4142 non
481 4105 561 4158 porro
590 4105 703 4160 unquam
739 4091 844 4144 volenti
872 4104 928 4142 eam
961 4093 1021 4144 lieri
1056 4096 1181 4143 eoaeten

85 4176 142 4216 ram
165 4161 310 4232 tripliciter
335 4169 362 4215 et
380 4163 584 4232 qnatrnplieiter
608 4165 701 4216 divinit
727 4169 754 4216 et
779 4176 856 4231 qnam
874 4170 977 4230 partem
993 4162 1180 4234 labienn-
