3017 4759
258 224 482 295 atsnontna
501 168 760 287 anamim
778 222 874 285 ΧΧΧ.
894 200 1080 335 19144.
1142 216 1224 291 ,97]

125 384 184 455 οῦκ
207 387 303 471 ἔστιν,
324 384 499 469 οὐδὲνγὰρ
521 386 579 449 τοῦ
602 387 682 447 θεοῦ
703 386 829 463 μεῖζον·
851 377 986 447 ε’λοὶττοιν
1002 383 1038 447 δὲ
1055 381 1110 444 οῦκ
1131 378 1227 461 ἔστιν,

126 495 196 558 daec*
213 490 326 574 θὴσεις
349 486 446 553 αδτόν
467 486 544 568 μετοὶ
566 487 629 549 τῶν
650 479 848 566 κτισμάτων·
877 480 911 547 τὸ
935 480 994 565 γὰρ
1018 480 1148 547 ἔλαττον
1169 483 1226 547 τοῦ

126 594 205 672 θεοῦ
226 595 353 672 κτίσμα.
403 586 436 654 τὸ
470 581 616 650 ῦκτιστον
647 589 701 656 κατ’
728 584 857 669 κτίστην
888 587 1033 648 νοεῖσθαι
1067 577 1221 667 ἑνὶμόνον

126 692 278 776 πρόσεστι
298 694 341 779 τῷ
359 692 434 777 θεῷ.
466 687 589 761 τοῦτοις
611 688 813 769 προσκείσθω
837 687 892 748 καί
915 682 949 747 τὸ
971 686 1029 753 τοῦ
1050 686 1139 747 θείου
1157 685 1228 747 Ko-

5 800 6 804 ’
100 798 192 875 ῦσμῦ
212 795 269 858 τοῦ
286 795 406 872 σεμνοῦ
425 787 584 875 μελῳδοῦ.
610 788 837 864 π’κουεσθαῖμεν
853 780 963 860 πάντες
979 781 1008 849 οἱ
1022 788 1126 849 πιστοί
1147 807 1228 867 συγ-

128 895 323 974 καλονμίνης
344 886 459 977 ῦψηλῷ
480 885 660 970 κηρύγματι
678 890 733 968 τῆς
754 885 901 950 α’κτίστου
925 886 979 949 καί
1000 884 1145 969 ε’μφῦτου
1169 905 1227 962 σο-

129 997 206 1079 φίας
226 993 315 1056 θεοῦ.
344 986 502 1072 εἰρήσεται
528 989 564 1050 δὲ
584 988 751 1071 προιοῦσιν
775 981 848 1069 ἡμῖν
870 982 925 1049 καί
945 985 984 1049 τὰ
1005 980 1226 1068 παραπλήσια.

221 1092 258 1156 Ὁ
279 1093 314 1157 δὲ
335 1092 500 1168 Παλαμᾶς
524 1090 581 1150 οῦκ
606 1084 690 1169 ἔχων
711 1085 867 1181 οὐδεμίαν
895 1084 1044 1170 προάγειν
1065 1083 1292 1171 γραφικὴνιι

127 1194 319 1275 μαρτυρίαν,
340 1190 465 1258 οἴκοθεν
487 1192 645 1270 ε’πεχείρει
667 1187 916 1269 συλλογίζεσθαι
944 1184 982 1251 τὰ
1006 1183 1226 1271 α’συλλὸγιστα,

84 1307 118 1361 10
127 1294 233 1365 θέσεις
254 1297 456 1373 καινοφανεῖς
477 1292 642 1369 τιθέμενος
664 1280 790 1352 ἑαυτοῦ.
811 1284 888 1350 “υοιι“
907 1290 953 1362 τίς
975 1287 1031 1349 οῦκ
1055 1278 1139 1349 oid?
1161 1311 1227 1372 φερ-

126 1386 266 1458 σίνἽῦτι
287 1389 321 1456 ἓν
341 1386 492 1455 ῦκτιστόν
514 1391 599 1453 ε’στιν
623 1387 639 1451 δ
662 1387 748 1461 θεός.
799 1390 891 1452 τοῦτο
919 1387 996 1469 γοῦν
1018 1386 1102 1451 ἐστίν
1123 1381 1142 1449 δ
1163 1411 1228 1473 φη-

126 1518 177 1559 σιν
210 1490 226 1556 δ
256 1497 354 1574 λέγων
383 1492 485 1574 μηδὲν
507 1488 590 1553 εἶναι
619 1482 769 1551 ῦκτιστον
798 1485 879 1569 πλήν
899 1489 954 1568 τῆς
976 1488 1067 1561 θείας
1089 1483 1227 1571 φῦσεοος.

127 1594 209 1659 εἰδὲ
230 1591 275 1675 μὴ
298 1585 382 1655 οῦτοι
405 1592 500 1653 τοῦτο
519 1587 693 1670 νοήσωμεν,
717 1584 825 1650 λοιπὸν
845 1582 904 1660 τδς
926 1590 1016 1659 θείας
1037 1584 1229 1661 ῦποστῦσεις

81 1680 85 1687 ’
126 1694 184 1758 οῦκ
206 1696 342 1776 ἐροῦμεν
365 1693 542 1769 α’κτίστους,
565 1686 635 1753 ἐπεί
653 1687 698 1770 μή
719 1684 788 1751 ἔστι
804 1682 934 1773 φῦσιςῆ
958 1683 1150 1762 ῦπόστοσις·
1174 1690 1229 1753 καί
1286 1701 1291 1713 “

84 1793 186 1880 ιὸγοὶρ
215 1793 444 1874 οἷπαιτοῦμενοι
478 1793 512 1855 τί
524 1794 616 1868 ,ἐστιν
638 1775 758 1870 ου’σιά,
782 1786 838 1853 τόν
861 1781 1031 1871 ἄνθρωπον
1061 1787 1226 1870 δείκνυμεν

124 1894 222 1979 τυχὸν
245 1889 265 1977 ἢ
288 1891 344 1959 τδν
365 1898 464 1977 λίθον,
487 1895 659 1976 τηνικαῦτα
682 1888 738 1974 τὴῦ
761 1892 874 1954 ου’σίαν
894 1886 975 1969 μετὰ
996 1892 1059 1953 τεῦν
1081 1891 1226 1974 φυσικῶν
1235 1908 1255 1964 t.
1263 1908 1350 1965 1351.

125 2000 200 2078 περί
218 1992 320 2079 αῦτῆν
338 1993 463 2058 πάντων
480 1990 762 2074 συλλαμβάνοντες.
797 1993 854 2055 καί
874 1988 934 2073 γδρ
955 1992 1008 2055 καί
1027 1992 1225 2057 Ἀθανασίου

122 2098 184 2161 τοῦ
204 2099 294 2161 θείου
309 2099 452 2179 λέγοντος
468 2092 634 2175 δκοῦομεν,
647 2093 679 2157 τό
700 2086 803 2175 ῦγιον,
818 2094 852 2157 τδ
867 2090 1001 2173 α’γαθόν,
1022 2088 1055 2156 τό
1070 2083 1226 2167 ε’ίκτιστον,

127 2195 163 2262 τῦ
187 2198 436 2280 α’νερμὴνευτον,
466 2192 501 2259 τὸ
526 2193 720 2274 α’σῦματον,
750 2194 785 2256 τῦ
810 2186 966 2275 ἄχρονον,
986 2189 1020 2255 τδ
1045 2192 1165 2271 ἀΐδιον,
1186 2190 1244 2270 cc*¹

75 2292 360 2381 Ὶγοδρμιουργικὸν,
383 2294 418 2360 τό
439 2293 618 2374 δίκαιον,τό
639 2287 794 2376 ἄναρχον,
816 2290 852 2356 τῦ
872 2292 1084 2377 ἀτελεύτητον,
1100 2288 1133 2356 τὸ
1150 2291 1226 2355 σίνε-

127 2395 316 2479 ξιχνίαστον,
338 2394 373 2460 τὸ
395 2388 537 2479 ῦπειρον,
558 2392 592 2460 τδ
610 2388 778 2477 ἄγνωστον,
801 2392 1014 2479 ἦθίλησις,ἧ
1038 2392 1184 2474 δῦναμις,
1206 2391 1226 2475 ἦ

128 2492 274 2579 πρόνοια,
295 2494 315 2578 ἢ
336 2497 448 2582 σοφία,
472 2494 492 2579 ἦ
514 2492 578 2580 ζωὴ
600 2493 656 2560 καί
675 2492 714 2561 τῦ
730 2496 875 2575 τοιαῦτα,
899 2492 961 2577 οῦχ
982 2494 1110 2559 ἕκαστον
1133 2491 1227 2559 οῦοίοι

128 2810 218 2863 dantia
237 2809 280 2861 dci
299 2808 349 2861 deo
370 2816 416 2861 aut
439 2810 523 2861 maior
543 2817 584 2873 est
607 2816 652 2861 aut
668 2824 715 2876 par
734 2817 780 2861 ant
800 2809 896 2873 minor,
923 2817 1002 2877 atque
1019 2810 1103 2863 στολου
1121 2810 1228 2878 quidem

129 2897 183 2934 nnn
205 2889 255 2944 est,
276 2879 345 2931 nihil
364 2880 503 2931 enimdeo
523 2881 626 2944 maius,
656 2896 745 2948 neque
761 2880 848 2931 minor
867 2888 925 2944 est,
951 2895 1010 2931 nam
1039 2888 1093 2932 tum
1112 2894 1246 2947 poneres·

129 2956 158 3005 in
179 2960 328 3003 creatorum
352 2965 463 3002 numero
492 2966 562 3014 eam,
589 2953 659 3019 quod
679 2952 747 3003 enim
779 2952 829 3003 deo
848 2951 950 3013 minus,
981 2951 1007 3001 id
1035 2959 1074 3003 est
1099 2959 1227 3003 creatum.

130 3030 249 3075 creatum
269 3029 296 3072 et
319 3022 465 3072 increatam
486 3019 640 3089 intelligere
660 3023 706 3073 uni
731 3029 831 3073 tantum
849 3022 900 3072 deo
923 3028 963 3072 est
981 3036 1147 3073 concessum.
1185 3021 1227 3074 his

132 3094 276 3145 adiicietur
293 3093 390 3143 dictum
414 3090 497 3143 divini
518 3092 630 3146 Cosmae
649 3090 814 3145 venerabilis
834 3092 918 3154 vatis,
938 3105 1029 3142 omnes
1048 3090 1141 3143 iideles
1160 3107 1227 3144 con.

130 3171 245 3217 vocatae
264 3163 339 3215 celso
359 3162 446 3214 edicto
466 3163 602 3215 increatae
622 3171 648 3214 et
667 3164 773 3215 innatae
793 3162 836 3214 dei
860 3161 1017 3228 sapientiae.
1038 3161 1159 3214 dicentur
1176 3179 1228 3215 au.

133 3244 186 3287 tem
206 3251 221 3286 a
238 3234 317 3287 nobis
335 3235 362 3286 in
384 3250 530 3303 progressu
548 3236 625 3285 etiam
646 3250 677 3284 ea
702 3249 770 3302 quae
790 3232 887 3286 similia
906 3240 975 3284 sunt.

231 3331 283 3383 Sed
301 3330 420 3384 Paiamas
439 3346 497 3382 cnm
514 3345 568 3381 non
587 3336 679 3397 posset
706 3328 789 3380 ultum
818 3328 940 3396 proferre
959 3330 1086 3396 scriptam
1105 3330 1228 3382 testimo.

131 3405 215 3466 nium,
234 3416 282 3453 sno
298 3402 421 3468 periculo
442 3399 793 3469 conabaturargumentnri,
827 3415 894 3468 quae
916 3401 985 3452 omni
1005 3408 1162 3469 argumento
1180 3416 1228 3452 ca.

132 3481 234 3536 nerent,
253 3488 314 3523 snas
333 3474 464 3525 inauditas
489 3472 637 3524 sententies
664 3470 815 3523 statuendo.
859 3473 973 3540 etquis,
998 3472 1093 3539 inquit,
1112 3472 1228 3539 ignorat,

131 3558 212 3593 annm
229 3545 376 3595 increatam
405 3560 474 3608 esse,
492 3542 591 3595 deum?
632 3539 684 3594 hoc
709 3542 843 3610 significat
870 3540 918 3593 itte
947 3542 1056 3593 dicens:
1082 3540 1149 3591 nihil
1168 3556 1229 3593 esse

133 3615 280 3664 increatum
298 3614 350 3665 nisi
370 3623 489 3666 naturam
512 3616 638 3667 divinam.
675 3616 717 3666 sin
738 3614 789 3665 hoc
809 3614 846 3665 ita
865 3629 919 3665 non
939 3612 1164 3675 concionantium
1184 3613 1229 3664 dt.

132 3685 210 3735 ninas
229 3683 389 3737 substantias
406 3700 460 3737 non
478 3686 596 3738 dicemus
616 3688 767 3749 increatas,
793 3686 854 3753 quia
878 3683 1025 3736 substantia
1045 3696 1099 3733 non
1119 3690 1160 3735 est
1177 3699 1228 3735 na.

131 3764 200 3807 tura.
240 3756 337 3828 etenim
357 3756 380 3806 si
400 3773 434 3807 ex
450 3756 528 3808 nobis
539 3766 692 3827 quaeratur,
713 3757 777 3825 quid
796 3757 831 3808 sit
850 3755 976 3818 essentia,
997 3753 1129 3805 hominem
1148 3770 1227 3807 mon.

132 3834 245 3877 stramus
268 3826 381 3875 tortasse
399 3835 444 3877 aut
462 3826 597 3893 lapidem,
627 3837 654 3879 et
680 3829 731 3879 hoc
750 3827 828 3879 modo
858 3826 999 3877 essentiam
1018 3840 1075 3877 cnm
1096 3826 1228 3889 omnibus,

132 3913 202 3966 quae
222 3896 246 3946 ei
268 3898 368 3958 insunt,
387 3896 467 3947 rebus
484 3899 648 3951 naturalibus
676 3900 888 3951 commiscemus.
926 3896 1024 3949 etenim
1045 3903 1122 3948 ettam
1142 3898 1229 3949 Atha.

131 3968 235 4020 nasinm
255 3967 373 4019 divinum
392 3967 492 4018 dixisse
511 3970 619 4022 scimus.
656 3979 787 4033 sanctum,
807 3969 915 4031 benum,
934 3970 1090 4031 increatum,
1109 3966 1230 4034 inenpli.¹

132 4039 225 4104 citum,
244 4040 450 4104 incorponenm‚
483 4040 610 4105 temporis
640 4042 811 4095 distinctione
830 4054 942 4106 catena,
962 4048 1106 4103 aeternnm,
1126 4051 1230 4104 creans,
1323 4100 1328 4105 ¹

123 4111 262 4194 instem,
277 4110 355 4163 initio
378 4117 405 4163 et
428 4110 482 4163 fine
505 4124 613 4179 carens,
638 4126 703 4167 nan.
717 4112 922 4182 investigatum,
944 4112 1082 4175 infinitum,
1101 4112 1230 4182 ignotum,
