3017 4759
242 306 255 325 ο
294 220 372 293 ato
592 189 822 293 'urcmnonr
849 215 1080 287 crusculis

258 389 356 461 ‘tob‘
385 382 446 469 γύρ
469 386 665 466 ἀρεθιζσντος
692 388 750 448 καί
769 380 878 467 μάχην
911 384 1035 447 ε’τεῑθεν
1056 374 1227 443 ἀντίπαλον
1246 380 1405 445 ἀνισῐοδν-

296 512 350 563 τας
373 487 432 551 οάκ
468 479 558 562 ὄντος
587 484 621 553 ἓν
644 486 827 572 ὀφθαλμοῖς
856 482 946 565 ήμῶν
977 484 1117 570 ἀφανείφ
1139 485 1402 561 κεκαλυμμὲνων,

295 589 481 655 παύσεσθαι
500 586 536 653 τύ
559 584 731 668 νεμόμενον
753 588 809 669 τής
831 586 906 649 καθ’
933 584 1023 667 ήμῶν
1044 586 1156 657 κακίας
1177 582 1300 671 φ’ήθην.
1321 574 1403 645 ὅθεν

295 689 406 772 ἐπειδή
425 695 490 763 τοῖς
521 682 630 763 ἀλλοις
658 687 873 770 παραινούντί
893 708 948 765 μοι
972 706 1047 758 τους
1069 685 1276 762 πειθομένους
1297 676 1402 764 ἥκιστ’

294 788 384 873 ἔχειν
403 793 500 875 ε’νήν,
533 790 571 857 νδ
598 799 667 857 κατ’
699 788 838 871 ἐμαυτὸν
867 792 993 855 ἐποίουν
1021 788 1131 867 ου’τύς.
1174 786 1318 872 θόρυβον
1338 794 1427 872 privo

294 892 357 977 νάρ
379 889 412 971 ἐξ
432 893 560 975 εἰρήνης
592 889 706 980 ῥᾴδιον
736 893 790 957 κατ’
822 900 888 968 τοῖς
921 889 1132 978 φαυλοτάτοις
1156 890 1211 955 κατ’
1233 890 1401 971 βάναυσον

295 984 411 1076 ύγσυσι
431 991 502 1073 βίον
522 1002 636 1070 ποιεῖν,
654 991 689 1057 ἐκ
712 996 747 1059 δὲ
762 994 914 1077 θορύβων
933 993 1063 1077 εἰρήνην
1086 986 1163 1057 σύδὲ
1180 1000 1246 1065 τοϊς
1265 993 1401 1075 σφόδρα

296 1101 436 1169 συνετοῖς
466 1094 556 1175 μάλα
583 1118 614 1158 τι
642 1088 766 1159 εύυδον.
823 1092 859 1159 τδ
890 1097 950 1175 μὲν
981 1095 1043 1177 γὰρ
1074 1092 1247 1181 αι’τονομίρ
1268 1093 1402 1178 φύσεως

298 1188 459 1278 drauscii
485 1197 521 1259 δλ
540 1191 638 1279 φύσις
660 1186 795 1259 ύτακτυν
814 1198 869 1258 καί
887 1193 1056 1275 ἀνώμαλον
1077 1191 1280 1277 ὡμολόγηται
1304 1188 1400 1258 εἶναι·

296 1292 331 1363 τύ
352 1299 389 1361 δὲ
424 1297 555 1384 παιδείρ
583 1297 638 1359 καί
657 1300 785 1360 συνέσει
806 1298 1040 1381 βεβουλευμένῃ
1071 1298 1126 1359 καί
1145 1295 1293 1379 σύφροσι
1311 1302 1443 1378 iera-10

293 1408 388 1480 σμοῖς
409 1400 590 1477 υίακίζετατ.
634 1390 710 1461 ὅθεν
730 1398 768 1461 τδ
789 1402 849 1478 μὲν
870 1396 925 1459 καί
938 1393 995 1470 τάς
1014 1396 1072 1460 ούκ
1089 1388 1187 1470 ούσας
1202 1394 1401 1460 ἀναπλάττει

295 1500 484 1585 προφάσεις,
507 1499 625 1583 ἀφύδια
645 1500 775 1579 πορίζον
799 1507 868 1574 ταῖς
889 1496 1033 1581 μα’χαις·
1074 1496 1113 1560 τδ
1135 1498 1171 1561 δὲ
1192 1494 1247 1559 καί
1266 1494 1323 1571 τάς
1344 1490 1402 1561 σύ-

296 1626 356 1677 σας
379 1597 540 1681 ἐκτέμνειν
559 1601 719 1683 πειρᾶται,
741 1598 888 1680 καθάπερ
912 1596 1021 1682 ίατρὸς
1044 1598 1104 1681 πρὸ
1125 1600 1181 1680 τής
1201 1598 1344 1681 βλύστης
1367 1601 1401 1663 a'v

296 1705 336 1786 τῇ
366 1699 440 1785 ῥίζη
475 1696 534 1782 τήν
556 1704 734 1781 θεραπείαν
753 1695 958 1781 τεχνώμενυς.
1001 1701 1072 1763 ἐπεί
1095 1700 1130 1763 δὲ
1151 1701 1207 1762 καί
1227 1699 1402 1786 ἀφαρισμῷ

295 1804 462 1879 Παλαμυῑν
476 1797 557 1878 μετά
575 1803 631 1881 τής
652 1798 753 1862 αύτσύ
774 1802 935 1882 φρατρίας
951 1796 1075 1883 ἀπάσης
1092 1797 1148 1862 καί
1155 1802 1311 1887 χωρισμηῖ
1321 1802 1402 1862 θεοῦ
1412 1819 1443 1871 15

294 1902 599 1982 καθυποβεβλήσθαι
617 1902 798 1981 συμβέβηκε
815 1903 904 1963 δυοῖν
922 1904 1130 1984 πατριαρχοδν
1149 1900 1202 1963 καί
1217 1894 1300 1964 biron
1320 1898 1402 1963 ὅτιά-

293 2022 346 2066 σοι
357 2004 531 2085 τηνικαῦτα
547 2004 695 2083 παρήσαν
711 2005 772 2066 τῶν
787 2003 974 2083 ἐπισκόπων,
1001 1999 1048 2065 ὅτι
1069 2005 1187 2082 μᾶλλον
1210 2002 1341 2087 ἐμαυτῷ
1361 1998 1399 2066 τά

294 2104 349 2184 τής
372 2103 509 2186 ήσυχίας
522 2101 686 2188 παρῄνουν
701 2102 755 2166 καί
774 2098 959 2185 ἐπεκύρουν,
979 2101 1097 2185 ταύτης
1109 2102 1208 2185 μόνης
1222 2098 1258 2166 τύ
1283 2100 1400 2190 ῥᾷστον

295 2203 431 2288 δχυύσης
451 2210 507 2268 καί
526 2196 655 2286 εύλογσν
667 2206 723 2287 τῆς
742 2207 804 2268 τάν
819 2200 964 2287 βεβήλων
980 2210 1141 2289 φρατρίας
1161 2202 1216 2267 καί
1230 2207 1397 2277 κοινωνίας

258 2307 441 2379 stateram
467 2306 618 2389 ἀφιστᾶν.
672 2298 733 2388 ήδη
763 2308 798 2369 δὲ
830 2304 884 2369 καί
905 2304 1043 2389 διωγμὸν
1067 2306 1271 2389 ἀνερρίπισεν
1302 2302 1443 2387 δτήςυο

296 2408 462 2490 ἐκκλησίας
488 2405 626 2487 χειμάν,
645 2409 701 2469 καί
718 2409 867 2490 διωγμῶν
897 2404 952 2471 τδν
983 2410 1238 2493 φρικωδέστατον
1257 2409 1313 2471 καί
1333 2410 1397 2489 βα-

294 2722 406 2771 ¹notente
425 2706 472 2775 qui
492 2712 582 2759 antem
600 2720 761 2775 quocunqne
780 2707 860 2759 modo
878 2707 961 2775 partis
979 2706 1100 2763 melioris
1119 2708 1253 2765 studiosus
1271 2708 1317 2774 sit,
1337 2722 1397 2761 cnm

298 2779 404 2847 perpeti
422 2794 466 2830 res
483 2779 656 2831 miseratione
675 2778 769 2848 dignas
789 2788 815 2831 et
842 2780 949 2832 anferre
969 2796 1046 2832 casus
1064 2781 1191 2850 tragicos.
1237 2781 1397 2849 optimorum

299 2865 359 2903 esse
389 2849 454 2901 mibi
474 2850 560 2901 visum
582 2858 638 2916 est,
667 2850 838 2918 tranquillam
862 2852 1000 2918 praeferre
1018 2854 1118 2916 vitam,
1135 2851 1240 2903 theatro
1263 2852 1397 2905 ecclesia-

297 2925 365 2977 stico
385 2922 492 2974 relicto.
536 2938 594 2973 cum
619 2924 688 2973 enim
712 2922 758 2990 qui
776 2924 893 2975 irritaret
918 2931 946 2973 et
970 2939 1085 2991 pugnam
1111 2925 1261 2991 oppositam
1288 2924 1339 2975 hac
1367 2938 1397 2974 re

298 2995 444 3057 excitaret,
477 2999 540 3043 ante
565 2995 660 3046 oculos
679 3001 785 3045 nostros
810 3011 865 3047 non
883 3002 1052 3061 versaretur,
1078 2996 1178 3063 quippe
1205 2996 1251 3063 qni
1277 2994 1395 3047 tenebris

297 3065 412 3117 involuti
433 3080 568 3129 essemus,
587 3066 711 3132 putabam
736 3065 796 3119 lore
815 3075 844 3118 nt
863 3081 922 3132 pars
951 3067 1082 3118 adtributa
1108 3066 1266 3119 calamitatis
1288 3074 1396 3118 nostrae

297 3138 445 3189 desineret.
483 3131 653 3202 quamobr‘em
673 3138 735 3203 quia
753 3140 861 3190 minime
880 3138 986 3202 accidit,
1006 3146 1036 3189 ut
1054 3137 1118 3188 mihi
1137 3139 1183 3205 qui
1203 3137 1264 3190 aliis
1283 3136 1398 3189 consilia

297 3208 387 3259 darem
407 3207 480 3259 dicto
499 3206 638 3261 audientes
658 3216 767 3272 esseut,
787 3212 845 3277 ipsc
865 3210 954 3261 officia
978 3225 1038 3261 mea
1058 3209 1235 3275 praestabam.
1272 3224 1332 3260 nam
1352 3216 1397 3258 tu·

234 3306 245 3325 .
295 3276 407 3331 multum
427 3292 442 3327 e
460 3292 526 3342 pace
545 3277 636 3329 lacere
656 3280 734 3330 etiam
753 3281 904 3335 bominibus
925 3282 1047 3347 pessimis
1066 3281 1220 3349 vilibusque
1242 3281 1323 3332 facile
1347 3286 1400 3340 est;

299 3364 314 3401 e
332 3346 448 3401 tumultu
473 3355 561 3399 autem
580 3364 672 3415 pacem
702 3352 864 3419 conciliare,
882 3369 917 3404 ne
936 3353 1073 3404 admodum
1098 3352 1272 3419 prudentibus
1292 3350 1398 3419 quidem

297 3420 421 3487 prolecto
440 3426 482 3471 eat
500 3429 639 3485 promtum.
677 3422 790 3474 alterum
807 3426 877 3476 enirn
895 3424 1006 3475 arbitrio
1024 3432 1135 3476 naturae
1154 3424 1258 3492 agitur:
1278 3430 1398 3474 naturam

299 3498 387 3546 nutem
417 3490 547 3543 turbidam
579 3500 605 3545 et
635 3493 788 3545 mutabilem
814 3512 874 3549 esse
903 3503 1022 3547 constat:
1048 3480 1160 3547 assternm
1188 3494 1352 3546 humanitate
1373 3498 1400 3541 et

300 3562 415 3615 consilio
435 3564 599 3629 eapienti'et
625 3566 708 3616 cautis
733 3565 971 3619 deliberationibus
997 3566 1208 3619 administratur:
1228 3564 1399 3633 quamobrem

297 3634 365 3689 illud
385 3635 463 3686 etiam
482 3635 558 3689 lictae
587 3637 725 3703 excogitat
754 3654 863 3703 causas,
894 3638 1025 3704 praebens
1053 3638 1169 3691 subsidia
1198 3636 1325 3703 proeliis:
1346 3635 1397 3685 boe

300 3721 377 3759 veras
397 3721 505 3773 quoque
525 3707 624 3759 tollere
644 3715 774 3772 conatur,
792 3717 822 3761 ut
840 3711 958 3762 medicus
979 3725 1032 3761 non
1058 3712 1085 3760 in
1102 3724 1174 3761 ramo
1195 3710 1243 3760 sed
1262 3709 1289 3758 in
1309 3706 1399 3758 radice

299 3778 465 3829 curationem
486 3793 640 3846 aggressus.
678 3788 816 3849 postquam
836 3789 924 3833 antem
944 3782 1058 3845 accidit,
1078 3789 1107 3833 nt
1124 3780 1243 3833 Palamas
1266 3795 1325 3831 cum
1344 3785 1399 3829 tota

215 3908 221 3919 ἱ
296 3846 401 3901 familia
420 3863 468 3899 sna
487 3857 514 3899 et
532 3851 754 3903 determinatione
781 3861 808 3904 ct
833 3854 1004 3920 separatione
1028 3853 1118 3903 divina
1143 3851 1329 3905 succumberet
1350 3864 1398 3915 pa-

298 3917 423 3971 triarchis
444 3918 545 3970 dnobus
573 3930 601 3971 et
625 3922 767 3986 omnibus,
788 3932 918 3991 quotquot
941 3933 995 3975 tum
1017 3924 1126 3975 aderant
1146 3924 1297 3990 episcopis,
1316 3919 1398 3971 multo

207 4000 212 4008 '
297 3990 383 4058 magis
403 3989 623 4056 tranquillitatem
641 3993 786 4059 probabam
806 4004 832 4045 et
863 3996 1053 4060 nanciscebar,
1074 3997 1173 4063 quippe
1192 4010 1260 4062 quae
1279 3992 1337 4046 sola
1357 3992 1399 4043 la-

299 4061 427 4113 enitatem
445 4069 473 4111 et
490 4062 621 4115 rationem
640 4066 782 4131 praeberet
800 4065 997 4119 baereticorum
1017 4067 1116 4119 familia
1138 4074 1164 4118 et
1183 4068 1315 4118 societate
1335 4063 1399 4115 satis

296 4132 460 4190 abstinendi.
496 4134 549 4187 iarn
567 4151 633 4187 vero
665 4138 869 4193 insectationem
893 4139 1017 4193 accendit
1045 4139 1180 4196 ecclesiae
1199 4146 1355 4207 tempestas,
1375 4141 1401 4187 at
