3017 4759
199 253 418 323 ursroamu
446 251 705 324 BdeN‘riNait
730 257 855 320 xxxn.
877 236 1064 321 ort-os.
1134 247 1207 321 393

112 445 174 486 νων
196 415 306 483 πόθον.
360 415 378 480 ό
402 417 440 500 tr}
465 417 632 500 κράτιστον
653 415 840 502 ὁρμητήριον
860 421 905 493 εἰς
929 411 1057 499 άγαλμα
1082 424 1208 503 φιλοτι-

111 526 188 603 μιύς
218 520 338 609 γλάττη
359 519 419 586 σύν
440 543 473 603 γε
497 521 661 608 προθυμίη
688 523 790 602 λέγειν
812 519 965 606 ἐθελούσῃ
989 541 1020 582 τε
1047 521 1102 582 κατ’
1129 515 1207 600 πρός

113 620 156 687 τά·
176 626 341 704 ε’ρρωμὲνα
364 625 418 706 τῆς
439 619 612 705 διηγήσεως
635 619 789 708 όφορούση
808 623 1010 685 καθίσταται.

209 722 287 806 Ἐγιύ
311 727 346 793 δύ
368 749 402 790 σε
425 724 477 808 τῆς
500 725 563 787 saio
586 723 686 806 λόγων
707 722 883 802 οἰκονομίας
904 725 959 784 καί
974 727 1031 804 τῆς
1048 725 1110 786 τεάν
1132 720 1273 801 πρό-η

87 836 180 890 bum»
203 824 413 946 χρηστότητος
434 826 582 900 πολλάκις
603 816 837 905 θαυμάσας,
810 850 835 886 ω
859 826 931 908 φίλε
955 820 1132 904 Κλεόδημε,
1155 824 1211 886 νύν

113 921 278 1006 μάλλον”
256 953 275 1008 η
297 929 449 1010 πρότερον
469 951 527 1010 την
548 931 593 1002 εἰς
616 924 725 1008 βραχύ
748 928 997 1010 συνωθουμένην
1008 947 1060 987 σοι
1081 948 1142 987 των
1155 920 1211 987 λό-

114 1050 178 1108 γωυ
207 1019 329 1106 άγυμαι
353 1025 468 1091 πειθεό.
522 1030 612 1092 ταῦτ’
646 1017 709 1108 άρο
730 1030 787 1089 καί
815 1049 861 1107 μη
891 1029 1001 1090 λυπεῖν
1030 1017 1192 1088 ἐθέλων
1174 1046 1211 1085 ον

113 1125 304 1206 θεραπεύειν
319 1126 448 1210 ειλομην
468 1132 521 1208 σέ,
544 1130 610 1212 ε’ρω
639 1131 708 1208 μέν,
738 1127 908 1220 μέτριαδ
939 1127 1212 1204 denutriamur·

115 1218 175 1290 ύσυ
199 1226 355 1308 αὐογκαῖα
378 1228 416 1312 τῇ
436 1232 529 1318 χρείη
551 1255 602 1294 και
626 1253 670 1315 τιρ
688 1230 799 1315 καιρῷ,
821 1231 877 1309 σῆς
892 1251 926 1291 τε
950 1224 1209 1312 ω’φελείοςὲνεκα

71 1329 168 1396 10καί
179 1319 243 1408 άμα
266 1330 327 1391 τιύν
341 1349 392 1392 σοι
403 1332 629 1413 παραπλησίως
651 1325 849 1412 αἱρουμένων
863 1324 991 1392 α’κούειν
1009 1330 1110 1397 ταυτί.
1130 1351 1158 1391 ει
1151 1329 1210 1392 ’δὲ

113 1426 285 1500 κάλλους’
271 1427 391 1491 εκεινου
414 1427 582 1510 γυμνώσας
603 1427 658 1512 τη“ν
681 1426 802 1512 φράσιν
830 1426 947 1501 παντὸς
969 1424 1022 1490 διά
1045 1450 1077 1490 τε
1098 1431 1134 1490 σὲ
1156 1450 1208 1490 και

114 1523 183 1592 όοοι
204 1530 282 1592 κατά
302 1551 348 1609 σε,
371 1531 586 1612 ε’στενωμέυην
607 1532 661 1593 καί
676 1527 895 1612 ἁπλουστέραν
909 1530 1060 1612 προθεύηυ
1082 1549 1132 1590 σοι
1154 1522 1211 1608 τήν

114 1630 283 1714 α’φηγησιυ,
304 1630 438 1708 άναξώος
458 1632 516 1708 μὲν
528 1634 581 1711 τῆς
594 1633 637 1716 τῷ
648 1633 678 1693 Γ
677 1631 797 1714 ρηγορᾷ
810 1625 1010 1713 καθηκούσης
1022 1626 1110 1711 δόξης
1131 1650 1211 1690 παν.

10 1799 13 1803 A
113 1726 228 1794 τάπασι
249 1733 347 1814 δρῶν,
369 1731 503 1808 άνιιξύως
535 1732 563 1794 θ’
585 1732 618 1796 εἴ
635 1729 765 1814 τιςεῖη
790 1730 888 1810 κάμοί
904 1728 1079 1815 σύντροφος
1101 1728 1211 1812 γνάμη

71 1843 103 1896 15
113 1857 145 1895 τε
168 1831 223 1896 κατ’
242 1835 386 1910 παιδεία,
411 1831 480 1917 ούρα
502 1855 552 1898 σοι
576 1837 689 1898 ἐννοεῖν
711 1835 783 1898 τίνα
802 1834 876 1896 ποτὲ
899 1831 953 1895 κατ’
976 1825 1052 1916 όσην
1076 1830 1132 1912 τὴν
1152 1827 1212 1913 σὴν

113 1931 147 1996 ἐν
167 1941 230 2008 τοῖς
249 1936 302 2014 τῆς
324 1936 403 2016 ἐμῆς
426 1937 557 2017 καρδίας
586 1935 842 2018 τεθηοαύρισμαι
863 1932 990 2007 κόλποις
1017 1923 1140 2016 φιλίαν.
1182 1933 1240 2000 es’i.
1254 1946 1340 2002 iiior.

114 2037 149 2098 δὲ
171 2038 225 2098 καί
245 2036 288 2118 μη
313 2030 351 2097 ού
374 2035 454 2099 κατά
475 2034 529 2099 τόν
546 2083 549 2092 .
564 2036 620 2101 σύν
650 2035 797 2122 άπαντηόη
830 2034 944 2099 σκοπόν
965 2034 980 2098 ά
1000 2035 1099 2115 λόγος,
1122 2037 1158 2098 σὲ
1180 2036 1209 2097 δ’

114 2135 303 2218 ἀνεμέσητον
344 2135 416 2214 istos*
440 2135 497 2217 την
529 2135 680 2219 πρόθεσιν
717 2141 774 2218 τῆς
810 2140 918 2220 ψυχῆς
948 2158 1005 2199 σου
1037 2135 1209 2219 φυλάττειν

112 2232 228 2316 χρεοόν.
278 2233 312 2300 τύ
346 2240 406 2316 μὲν
428 2233 488 2317 γάρ
520 2233 582 2300 ύπύ
605 2235 704 2319 τύχης
725 2237 769 2311 σάς
789 2234 829 2300 τό
853 2234 951 2299 πολλά
985 2234 1217 2317 τυραννεῖσθαι

70 2338 300 2416 eternitatem,
334 2328 438 2400 ἄλλοτ’
462 2329 543 2400 ἄλλοι
574 2339 759 2419 κεκτημένης
791 2361 844 2399 και
866 2332 1047 2418 άσύμφωνα
1069 2332 1108 2399 τά
1133 2331 1212 2420 s’qtri-

115 2437 188 2498 δια·
231 2433 269 2498 τό
294 2438 338 2515 δέ,
364 2437 453 2500 άλλά
468 2438 523 2500 κατ’
541 2440 634 2500 τούτο
653 2435 753 2520 μόνην
770 2461 825 2519 την
836 2438 1035 2516 προθευμιαν
1056 2433 1111 2498 κατ’
1124 2433 1211 2534 πρού-

114 2559 170 2618 τηυ
191 2533 310 2619 κίνησιν
333 2562 388 2618 της
419 2539 528 2618 ψυχης
559 2535 603 2611 τάς
629 2535 683 2600 ε’πι
708 2533 893 2620 πλάστιγγος
919 2535 1076 2617 άρρεπούς
1099 2557 1131 2598 τε
1157 2557 1211 2596 και

114 2637 313 2720 θεοπρεποῦς
334 2635 585 2702 ταλαντεύεσθαι
607 2637 700 2715 άξιοι.
786 2690 789 2694 .

114 2997 184 3065 quod
212 2997 391 3048 narrationem
419 2991 594 3049 vehementer
617 2999 780 3052 desiderant.
817 2998 844 3050 id
872 2998 950 3050 etiam
968 2997 1094 3062 optimum
1113 2998 1211 3048 inoita.

113 3076 229 3120 mentum
249 3074 359 3134 apparet
386 3068 408 3118 si
429 3069 563 3120 amicitiae
591 3071 677 3138 gratia
702 3069 796 3137 lingua
820 3085 879 3119 eum
899 3067 1038 3134 voluptate
1057 3069 1116 3120 vult
1137 3068 1211 3138 loqui

115 3146 141 3189 et
161 3139 321 3190 narrationis
341 3139 394 3188 vim
413 3154 537 3190 summam
558 3142 695 3208 consequi.

213 3233 265 3285 lam
286 3247 337 3301 ego
359 3235 404 3303 qui
422 3249 504 3301 saepe
524 3236 661 3288 carissime
674 3235 818 3287 Cleoderne
840 3235 893 3288 vim
913 3236 952 3286 tui
971 3236 1101 3287 sermonis
1122 3243 1148 3287 et
1167 3251 1212 3288 ra.

114 3307 201 3357 tiones
222 3307 376 3356 verissimas
406 3307 549 3357 admiratus
575 3322 632 3358 sum
655 3323 725 3358 nune
752 3308 840 3374 potins
866 3321 942 3377 qnam
966 3313 1044 3359 antea
1070 3308 1161 3374 paucis
1179 3309 1212 3360 ad

115 3377 314 3460 persuasionem
335 3392 379 3428 res
398 3377 446 3428 tibi
467 3391 606 3444 exponam.
652 3377 716 3428 nolo
744 3379 813 3430 enim
833 3378 953 3430 dolorem
978 3381 1068 3430 faeere
1087 3380 1130 3429 cni
1151 3395 1212 3431 ser.

115 3449 174 3498 vire
193 3462 234 3498 me
254 3455 369 3514 oportet.
407 3449 540 3515 proferam
561 3456 648 3500 autem
673 3449 796 3501 ernultis
816 3466 900 3518 pauca
929 3456 955 3500 et
973 3465 1042 3519 quae
1059 3453 1213 3503 necessaria

116 3526 176 3570 sunt
195 3519 254 3570 usui
275 3526 301 3568 et
320 3517 381 3568 huie
400 3521 523 3586 tempori.
566 3521 647 3589 idque
672 3520 704 3571 ad
723 3520 864 3573 utilitatem
888 3531 957 3573 tuam
986 3521 1056 3572 facio
1076 3529 1212 3573 eteorum

116 3591 160 3656 qni
179 3605 231 3640 una
249 3599 339 3640 terum
364 3591 455 3644 audire
483 3591 550 3643 haee
570 3593 687 3658 cupiant.
726 3593 815 3644 sedai
837 3609 870 3644 ex
887 3601 932 3644 tun
952 3599 978 3642 et
995 3593 1129 3643 sociorum
1149 3601 1213 3642 tuo.

115 3675 171 3711 rum
196 3660 334 3712 voluntate
360 3664 505 3715 orationem
531 3665 603 3714 omni
630 3669 724 3714 ornatu
752 3664 856 3717 denudo
888 3670 915 3714 et
940 3661 1088 3728 simplicem
1116 3665 1213 3728 reddo;

116 3745 168 3799 quo
199 3745 263 3782 sano
290 3731 427 3800 Gregorae
454 3735 598 3786 auctoritas
628 3735 778 3786 elevabitur
807 3745 834 3786 et
865 3749 925 3784 mea
948 3733 1143 3800 qualiscunque
1173 3744 1215 3786 est

116 3810 231 3869 cognata
249 3803 316 3853 ratio
337 3810 364 3853 et
375 3804 534 3870 disciplina
554 3804 619 3855 licet
639 3821 672 3856 ex
687 3819 719 3856 eo
730 3805 886 3874 intelligere
900 3811 937 3866 te,
957 3803 1062 3869 qualem
1082 3812 1109 3855 et
1127 3820 1213 3872 quan.
1247 3805 1251 3811 '

115 3881 166 3924 tam
186 3873 280 3923 intimo
301 3874 329 3922 in
351 3874 437 3923 animo
457 3889 516 3924 meo
537 3876 678 3927 amicitiam
698 3890 763 3942 erga
783 3885 810 3927 te
837 3874 956 3926 lrabesnr
994 3876 1017 3925 si
1033 3888 1099 3925 vero
1118 3892 1213 3928 narra.

114 3946 152 3995 tio
173 3944 305 3996 voluntati
324 3957 378 3993 non
401 3946 560 3995 convenerit
580 3945 636 3996 noli
655 3946 747 3997 mihi'
740 3948 830 3998 irasci.
873 3960 932 3996 nam
952 3947 979 3996 in
998 3945 1042 3997 his
1057 3955 1087 3998 nt
1104 3947 1132 3998 in
1152 3949 1213 4000 aliia

115 4015 205 4067 multis
221 4016 370 4066 dominatur
390 4013 495 4065 fortuna
513 4031 581 4082 quae
600 4031 644 4068 res
668 4017 738 4068 inter
757 4033 786 4068 se
807 4018 928 4069 divorsas
948 4024 974 4068 et
992 4018 1151 4071 dissidentes
1169 4027 1213 4070 te.

115 4094 180 4150 ποις
204 4089 232 4138 in
251 4085 308 4137 illis
327 4093 414 4136 antem
437 4101 504 4152 quae
524 4087 637 4138 animum
657 4087 818 4140 benevolum
840 4095 867 4138 et
884 4088 965 4139 animi
982 4089 1092 4155 primam
1112 4088 1213 4141 volun.

115 4165 195 4210 tatem
215 4157 333 4212 reddunt
354 4156 442 4208 omnia
460 4163 583 4224 tanquam
603 4160 703 4210 trutina
729 4167 803 4212 certa
822 4167 850 4210 et
867 4161 958 4213 divina
977 4160 1212 4220 examinatusunt
