3017 4759
197 245 418 317 nrsronrnn
444 242 703 327 emanans
720 249 858 315 mm.
880 232 1065 317 td-io.
1137 239 1208 317 ιιι

99 411 168 478 καί
196 414 383 498 προσδοκῶν
414 410 470 476 καί
497 408 724 495 μηχανώμενος
749 404 815 479 οἷον
835 410 874 495 (λη’
890 435 960 476 τινα
982 412 1210 498 Παλαιολύγου

65 512 72 520 “
101 504 260 577 κίνδυνον
279 515 335 577 τού
353 510 521 595 βασιλέως.
555 511 625 575 ἐπεί
644 513 679 576 δὲ
702 510 742 577 τά
763 514 893 577 τοιαῦτα
916 515 1019 577 δεῖται
1037 513 1211 599 χρημάτων
1222 536 1278 589 10

96 616 160 702 ἱεῖς
182 616 330 698 ἐπίμονον
349 614 457 698 μάχην
478 616 534 680 καί
554 614 786 700 πολυχρόνιον,
817 611 836 678 ά
857 616 892 679 δέ
912 615 968 680 καί
983 604 1210 701 πολυχρόνιον,
1220 629 1240 682 i.
1250 628 1340 684 aeda.

101 716 204 779 τοῦτο
226 715 282 780 καί
303 714 546 806 πολυδάπανον,
574 712 594 778 ά
616 717 643 780 δ’
668 718 699 793 ἐξ
722 716 897 801 ἐπιδρομῆς
927 714 1016 803 αύτῷ
1033 716 1089 781 καί
1108 716 1212 801 λαφύ-

59 822 92 883 '5
107 838 181 901 ρων
202 815 371 901 ἠθροίζετο
393 819 469 879 καθα
492 813 632 901 ἡμέραν,
665 815 758 901 μόλις
783 818 827 892 εἰς
849 814 1066 901 αύδημερινην
1090 817 1225 902 ἐξήρκει,

18 922 40 933 “”
104 920 180 989 τοῖς
203 914 408 1003 στρατιώταις
432 914 594 998 δαπάνην,
622 923 775 1002 χορηγεῖν
804 918 832 980 d'
863 915 918 978 edu
951 909 1036 995 εἶχεν
1065 914 1213 992 αύτοςέξ

18 1026 19 1031 ’
49 1051 61 1061 -
108 1013 270 1100 άφθύνων
292 1014 417 1080 οἴκοθεν
437 1018 561 1101 πηγών,
591 1014 705 1095 ἔλαθε,
736 1016 814 1102 πρίν
841 1008 885 1081 ulo
913 1016 1062 1097 ἐπολέμει
1091 1016 1147 1080 καί
1169 1008 1213 1081 alr

39 1130 71 1139 ··
106 1116 222 1200 ἐφίετο
243 1118 407 1193 κινδύνους
436 1118 532 1195 ἰδεῖν,
568 1118 758 1183 κινδυνεύων
791 1116 885 1195 αὐτὸς
915 1118 971 1181 καί
1000 1116 1080 1203 πρὸς
1101 1117 1212 1203 πενίαν

18 1260 19 1265 1
108 1216 368 1302 άκαταγώνιστον
388 1216 575 1304 καταρρέων
595 1216 764 1305 άσημέραι.
807 1219 862 1284 διά
894 1218 933 1302 δὴ
959 1222 1060 1285 ταῦτα
1080 1221 1126 1305 τῷ
1148 1223 1211 1301 βα-
1317 1288 1324 1299 ‚

40 1338 46 1343 ·
74 1321 202 1396 oculei
216 1317 480 1404 προσεληλυθώς,
509 1318 565 1382 καί
594 1310 632 1402 ἧς
659 1320 762 1386 ἐδεῖτο
793 1318 980 1405 συγγνώμης
1012 1318 1212 1399 τυχών,καί

54 1442 65 1451 ·
110 1414 185 1499 άμα
205 1416 261 1502 τὴν
282 1416 455 1504 ἐπιτροπὴν
474 1420 530 1483 καί
560 1420 715 1501 διοίκησιν
734 1421 792 1501 τῆς
809 1418 929 1502 Βιζύης
958 1417 1045 1497 ἐχειν
1067 1415 1111 1493 ώς
1132 1416 1212 1502 πρά-

18 1544 62 1581 ·.:
106 1539 205 1602 τερον
223 1516 257 1582 τύ
277 1518 444 1601 ἐνδόσιμον
472 1514 533 1603 ἤδη
562 1517 617 1582 καί
646 1516 725 1601 πρὸς
744 1520 802 1582 τοῦ
820 1519 979 1599 βασιλέως
1009 1511 1105 1593 αὖθις
1127 1518 1213 1601 εἰλη-

111 1618 194 1703 φώς,
217 1620 318 1683 ἐκεῖσε
338 1619 470 1705 ἐπανῄει
488 1618 616 1705 χαίρων
644 1619 699 1682 καί
720 1618 932 1703 ἀγαλλόμενος
962 1616 1011 1683 δτι
1033 1618 1214 1705 φροντίδων

25 1756 35 1765 -
109 1718 171 1782 καί
192 1718 303 1804 φόβων
324 1718 446 1807 νύκτωρ
474 1721 529 1784 καί
550 1722 627 1803 μεθ’
646 1717 772 1805 ἡμέραν
791 1716 848 1803 την
878 1717 976 1783 advos
996 1716 1107 1803 ψυχὴν
1128 1742 1213 1783 ona-

29 1834 41 1893 ζ
61 1844 98 1897 15
112 1820 291 1905 ραττάντων
314 1819 503 1904 ἀπήλλακτο.

18 1988 33 1999 Ι,
210 1916 308 2003 Ἡμῖν
330 1923 359 1985 d'
380 1923 413 1985 ἐν
428 1920 541 2008 ’ὀγδόῳ
573 1921 787 2009 καδζεέκοστῷ
806 1924 862 2007 τῆς
889 1921 1054 2008 παρούσης
1073 1905 1299 2005 Ῥωμαῖα(

18 2066 23 2115 5
54 2063 60 2090 ·.
112 2023 172 2105 κῆς
194 2020 338 2108 ἱστορίας
359 2024 509 2109 περὶτῆς
531 2020 622 2108 παρὰ
641 2020 683 2087 τά
705 2019 914 2109 ύπερβύρεια·
922 2023 1006 2110 μέρη
1027 2027 1085 2108 τῆς
1106 2024 1213 2087 οἰκου-

19 2182 39 2203 *
112 2122 212 2208 μένης
234 2122 385 2207 κειμένης
411 2119 569 2198 Ῥωσσίας
605 2121 675 2187 ἐνια
698 2124 967 2208 ’διεξεληλυθύσι,
995 2124 1052 2188 καί
1080 2122 1142 2201 ὅσα
1173 2125 1215 2207 τῇ

21 2240 57 2307 33]
114 2223 271 2308 ἐνεστώση
298 2221 395 2312 χρείη
424 2223 684 2310 περισπούδαστα
712 2218 752 2307 ἦν
778 2226 970 2309 τηνικαῦτα,
1003 2224 1058 2289 διά
1090 2225 1216 2289 πολλών

32 2318 227 2420 ῃ’,ηηαύδις
241 2319 303 2409 ἤδη
329 2326 392 2387 τών
413 2322 530 2407 μεταξύ
561 2326 789 2410 παλινδρομεῖν
819 2323 990 2410 άναγκαῖον
1011 2326 1138 2410 γίνεται,
1160 2324 1216 2387 καί

32 2474 54 2513 Γ,
114 2425 272 2510 συνείρειν
292 2431 357 2498 τοῖς
380 2424 557 2511 εἰρημένοις
579 2425 707 2500 ἐκείνοις
728 2426 799 2489 ἐκεῖ
804 2422 838 2488 ’ά
858 2426 977 2507 μεταξύ
999 2426 1171 2511 λελάληταί
1181 2446 1215 2487 τε

114 2512 179 2590 καί
190 2524 369 2611 γεγένηται·
398 2524 482 2590 ούτω
496 2524 557 2612 γάρ
580 2519 721 2591 ἑκάστων
739 2520 884 2605 ἑκάστοις
905 2526 1056 2612 κατάτην
1079 2527 1216 2595 δέουσαν

19 2652 50 2721 ηρ
117 2624 553 2713 άρμοζομένωνζέναδρομην,
576 2625 631 2690 oda
653 2623 691 2692 άν
706 2634 774 2693 ποτ’
799 2627 932 2719 άπάδειν
948 2626 1128 2713 ἐθελήσειεν
1142 2625 1216 2691 ouidi

19 2760 50 2825 ac
114 2727 280 2811 μάχεσθαι
302 2722 374 2794 ούτε
392 2728 475 2813 μέρη
495 2728 627 2815 μέρεσιν
653 2724 726 2795 οὔθ’
758 2727 818 2794 ὅλα
838 2728 970 2817 μέρεσιν
992 2724 1065 2794 οὔθ’
1087 2726 1173 2805 ὅλοις
1196 2722 1218 2790 ά

67 2831 175 2910 ς5τών
200 2824 304 2895 ἄλλων
324 2828 466 2916 πέφυκεν
488 2822 571 2893 εἶναι
583 2827 678 2916 μέρη,
698 2829 768 2893 ἀλλ’
788 2826 951 2916 εὔρυθμόν
964 2854 1036 2894 τινα
1050 2829 1106 2894 καί
1118 2827 1217 2911 μάλα

23 3164 34 3179 -.
120 3123 172 3177 dita
192 3130 218 3175 et
236 3122 413 3193 quodcunque
431 3124 545 3191 'poterat
570 3121 734 3193 Palaeologo
757 3122 816 3193 regi
840 3120 949 3175 molitus
977 3128 1059 3175 esset.
1105 3117 1153 3172 sed
1170 3115 1217 3171 nbi

26 3207 30 3256 ς
120 3196 198 3248 tantis
220 3194 314 3262 opibus
333 3197 365 3247 ad
384 3196 535 3249 diuturnum
555 3212 585 3247 ac
605 3203 762 3264 perpetuum
774 3194 876 3246 bellum
896 3208 962 3261 opus
982 3194 1041 3257 luit,
1062 3195 1134 3260 (erat
1151 3206 1217 3243 saue

20 3284 24 3315 ι
121 3268 268 3319 diuturnum
289 3274 315 3319 et
334 3267 476 3318 multorum
496 3275 636 3318 sumtuum.
659 3281 724 3335 quas
743 3281 808 3319 uero
830 3264 1071 3318 “incursionibus
1090 3269 1117 3314 et
1135 3278 1216 3330 prae.

22 3356 25 3377 ι
121 3338 268 3390 dationibus
288 3339 407 3406 qnotidie
426 3336 574 3407 colligebat
586 3340 633 3390 vix
651 3338 805 3406 quotidiano
820 3338 933 3390 militum
952 3336 1049 3388 sumlui
1067 3334 1218 3393 sniiim’ebat

20 3428 27 3438 ε
122 3417 148 3461 et
163 3410 315 3479 priusquam
342 3409 464 3476 pericula
487 3411 515 3460 in
544 3410 639 3478 quibus
663 3410 819 3462 versabatur
843 3410 961 3473 uideret,
982 3408 1011 3458 in
1028 3407 1171 3458 discrimen
1190 3411 1217 3457 et

20 3502 22 3533 i
120 3481 233 3547 inopiam
247 3482 453 3546 insuperabilem
469 3481 589 3550 quotidie
606 3496 637 3532 ae
650 3478 827 3533 collabentem
845 3495 900 3532 non
919 3480 999 3549 vidit)
1020 3493 1077 3529 cam
1096 3477 1130 3528 ob
1150 3491 1216 3528 can.

24 3570 28 3603 ι
121 3552 222 3603 samad
241 3567 332 3619 regem
352 3553 487 3620 proiectus
508 3560 535 3604 et
563 3553 642 3605 venia
668 3567 719 3620 qua
738 3567 804 3619 opus
830 3560 886 3605 erat
910 3553 1049 3619 impetrata
1067 3548 1169 3613 bizyae
1187 3554 1217 3598 nt

121 3630 195 3674 antea
212 3622 344 3675 tenendae
365 3630 392 3673 et
412 3625 653 3690 administrandae,
682 3622 769 3675 lactus
790 3631 817 3674 et
836 3622 971 3675 exsultans
990 3620 1080 3682 rediit,
1099 3620 1171 3671 curis
1189 3625 1217 3670 et

38 3726 41 3763 η
120 3703 198 3760 metu,
217 3709 285 3761 quae
304 3693 349 3744 din
367 3703 503 3764 noctuque
522 3698 637 3747 animum
656 3695 714 3747 eius
733 3695 957 3761 perturbaverant
974 3689 1097 3743 sublatis.
1239 3690 1247 3702 ¹

214 3789 356 3857 Postquam
384 3792 513 3843 vicesimo
539 3800 634 3845 octavo
659 3790 737 3844 buius
763 3793 898 3844 Romanae
926 3786 1056 3839 historiae
1082 3784 1152 3839 libro
1182 3785 1216 3837 de

120 3862 212 3915 Russia
230 3862 258 3913 iu
277 3862 459 3927 Hyperboreis
484 3870 572 3914 terrae
591 3864 709 3929 partibus
728 3864 834 3914 iacente
860 3857 989 3912 nonnulla
1008 3860 1163 3926 scripsimus
1183 3856 1216 3908 ad

20 3948 21 3951 ¹
121 3934 156 3985 rei
174 3934 400 3999 opportunitatem
419 3942 521 4001 aptum,
549 3934 600 3984 iam
625 3949 716 3986 rursus
740 3936 772 3985 ad
794 3931 876 3984 multa
905 3946 1013 3983 narrare
1031 3945 1146 3983 necesse
1165 3934 1215 3993 est,

37 4036 38 4040 =
122 4010 146 4055 et
161 4006 305 4059 adnectere
324 4006 402 4057 dictis
415 4004 477 4057 illis
499 4020 568 4073 quae
587 4005 690 4057 interea
708 4006 841 4071 disputata
861 4011 922 4056 suut
944 4010 971 4053 et
989 4002 1068 4055 iacta.
1089 4003 1126 4053 ita
1146 3999 1217 4050 enim

21 4105 25 4139 γ
121 4088 164 4142 per
183 4077 364 4130 necessarium
386 4091 515 4129 conexum
539 4074 645 4145 ringula
670 4092 685 4131 a
710 4074 825 4143 singulis
852 4090 907 4127 non
925 4074 1059 4127 disiuncta
1075 4072 1216 4127 videantur

120 4160 165 4203 aee
183 4155 271 4220 partes
290 4164 349 4203 cum
369 4147 487 4219 partibus
509 4162 707 4221 pugnarem
726 4164 784 4203 cum
814 4147 931 4218 partibus
954 4153 1051 4202 cuncta
1082 4159 1141 4202 nee.
1156 4158 1215 4199 eum
