3017 4759
297 230 372 313 246
597 238 822 309 nicurnonr
855 234 1085 305 onuooaua

295 408 447 487 χρίεσθαι
457 402 550 492 μύρῳ
562 400 755 483 νενόμισται,
767 401 902 481 ἕψουσιν
917 400 950 462 ἐν
966 405 1224 480 πενταετηρικαῖς
1236 398 1400 479 περιόδοις

294 500 317 587 ἢ
337 507 391 566 καί
411 504 550 567 πλείοσιν
567 500 644 578 ἴσως
667 502 723 566 καί
743 494 870 584 ἥττοσιν
895 501 995 566 ἐνίοτε
1015 495 1095 561 κατα
1120 494 1181 580 τὴν.
1201 502 1264 561 coia
1290 492 1398 563 ἄλλοτ’

295 595 399 668 ἄλλων
422 602 575 686 βούλησιν
603 601 659 665 καί
687 601 801 682 χρειάν
832 599 1060 683 πατριαρχῶν,
1091 599 1125 661 ἐν
1160 592 1262 683 τούτῳ
1286 595 1400 681 φυγών

177 706 197 763 l·
207 707 286 764 126¹·-
296 700 470 786 ὑπότρομος
492 708 547 767 καί
565 700 715 784 περιδεὴς
736 701 752 765 o‘
776 705 857 783 χθὲς
881 699 1015 783 διώκτρς
1044 694 1171 781 θρασδς
1192 697 1246 760 ε’πί
1268 702 1399 772 πολλαῖς

298 803 468 889 ἐκρύπτετο
490 811 560 880 τάίς
582 804 737 890 ἡμέραις,
760 804 986 887 ἧχρειαμίνοςι
1005 803 1062 865 καί
1077 796 1165 880 μάλα
1189 800 1428 882 α’παγορεείοονδ

296 905 332 970 εδ
359 909 426 988 ζῆν.

232 1019 284 1072 ss
390 1000 526 1083 Ἔξεστιν
537 997 596 1069 οὖν
609 1007 855 1087 συλλογίζεσθαι
870 1005 935 1077 παῖς
959 1002 996 1066 τὰ
1015 1004 1094 1083 χθὲς
1108 1002 1163 1065 καί
1184 998 1294 1085 πρώην
1315 995 1400 1080 μετὰ

297 1111 438 1189 σοβαροῦ
458 1109 516 1169 τοῦ
539 1098 637 1188 ἤθους
668 1108 923 1188 δρμοσιεοθίντα
953 1107 997 1190 τῷ
1020 1105 1165 1190 Φιλοθίρ
1192 1098 1402 1184 μεγαλαυχή-

296 1232 384 1288 ματα
414 1204 492 1269 nata·
520 1209 581 1269 raia
616 1203 872 1288 σ’ρθοδοξσιίντων
894 1204 949 1269 καί
979 1201 1037 1279 τας
1070 1206 1126 1285 τῆς
1148 1198 1401 1284 βωμολοχοόσης

295 1303 434 1391 γλώττης
456 1301 814 1390 εὐτραπελίαςῆλεγξεν
838 1305 896 1379 oda
912 1301 1104 1386 είςμακράν
1128 1301 1247 1384 ὅθεός,
1271 1304 1401 1371 δικαίαν
1412 1313 1446 1367 10

296 1404 354 1492 τήν
379 1408 483 1488 κρίσιν
504 1407 677 1491 ἐπενεγκών
698 1410 741 1493 τῷ
764 1407 924 1492 περιφανῆ
957 1405 1014 1487 τὴν
1035 1404 1165 1468 ἀδικίαν
1188 1405 1233 1477 είς
1255 1401 1290 1466 τὸ
1314 1396 1400 1481 ὕψος

297 1509 481 1591 λαλήσανττ,
501 1513 622 1590 μᾶλλον
642 1504 679 1571 δὲ
702 1510 874 1591 λαλήσαντι
902 1511 961 1587 μὲν
983 1508 1038 1570 καί
1062 1504 1145 1583 τότε,
1171 1500 1341 1587 λαλήσαντι
1364 1506 1403 1569 δὲ

296 1610 352 1672 καί
385 1606 539 1691 πρότερον
573 1598 593 1691 ἢ
633 1604 704 1673 τότε
740 1612 796 1672 καί
834 1605 1031 1688 μεθύστερον
1068 1597 1088 1689 ἢ
1125 1602 1215 1685 τότε,
1247 1606 1302 1667 καί
1340 1609 1403 1667 λα-

296 1709 400 1771 λοῦντι
432 1710 582 1790 διηνεκῶς
614 1709 697 1794 αὐτῷ
730 1702 882 1781 audiunt
914 1706 997 1789 ἄμφ’
1021 1702 1114 1771 αὐτὸν
1143 1707 1199 1768 καί
1228 1698 1289 1770 σδν
1313 1702 1404 1789 αὐτῷ

235 1878 239 1883 ,
297 1812 505 1887 παίαμισταί.
572 1809 618 1881 τίς
657 1809 688 1870 δ’
728 1806 784 1870 calx
827 1802 866 1870 δν
902 1808 1031 1873 α’πείποι
1071 1804 1262 1887 βουλόμενος
1304 1802 1405 1888 α’ριθ-
1416 1812 1448 1865 15

295 1914 368 1987 μεῖν
389 1904 463 1981 τούς
485 1915 671 1991 περιφανεῖς
693 1913 761 1971 κατ’
782 1906 890 1972 αὐτῶν
911 1906 964 1971 αἐἰ
975 1910 1158 1990 γινομένους
1170 1906 1288 1970 θεόθεν
1313 1907 1405 1988 illy-

295 2029 375 2090 χοος
398 2001 477 2071 ὥστε
501 2004 629 2071 σύνεσιν
658 2016 748 2090 σχεῖν
782 2010 827 2083 εἰς
858 2004 1074 2093 ε’πιστροφὴνς
1097 2009 1145 2081 τίς
1166 2009 1193 2069 d'
1212 2010 1271 2068 οδκ
1292 1997 1331 2071 δν
1350 2010 1406 2071 ε’κ-

298 2110 430 2190 πλργείρ
450 2110 576 2189 βλέπων
599 2106 634 2173 τὸ
658 2107 804 2189 α’καμπὲς
832 2109 939 2172 adro»
970 2110 1026 2170 καί
1046 2108 1276 2191 ἀνεπίστροφον
1298 2108 1343 2182 εἰς
1365 2104 1402 2171 ad

298 2231 354 2325 τρν
372 2212 532 2293 σφετέραν
560 2217 704 2273 σονείναι
736 2207 877 2292 uiduam
907 2208 963 2273 καί
989 2208 1089 2273 ταῦτα
1114 2209 1173 2287 μὲν
1194 2211 1305 2273 τοῦτον
1326 2204 1404 2290 ἔσχε

195 2309 200 2319 “
298 2307 354 2371 τὸν
375 2304 499 2391 τρόπον.
1413 2319 1450 2373 20

129 2456 135 2462 -
233 2418 287 2471 ⁸0
401 2412 519 2473 Τῶνδ
539 2407 918 2495 οίίοονΚαντακουζηνοῦ
939 2413 1112 2483 Ματθαῖος
1131 2407 1225 2489 μὲνὸ
1249 2406 1405 2489 βασιλειίς

299 2506 517 2591 διατρίβων”
496 2534 591 2591 ετοχε
612 2514 785 2594 τηνικαῦτα
810 2514 843 2584 ἐς
863 2534 923 2574 οσα
941 2511 1086 2573 ἐπέκεινα
1107 2510 1346 2590 Διδομοτείχοο
1368 2532 1404 2573 τε

298 2606 354 2671 καί
378 2608 595 2692 Ὀρεστιαδος,
619 2609 779 2696 Μανοοὴί
809 2609 884 2673 d“
868 2634 884 2673 ο
916 2614 984 2692 μετ’
1019 2613 1155 2721 inciaco,
1187 2610 1340 2692 δεσπότης
1366 2607 1404 2673 τὸ

300 2894 361 2946 dam
379 2891 523 2946 secundnm
543 2891 709 2945 voluntatem
734 2898 762 2943 et
786 2891 960 2960 indigentiam
982 2889 1096 2943 aliorum
1123 2889 1178 2942 ulio
1197 2899 1318 2957 ternpore
1335 2904 1407 2943 con.

299 2966 450 3018 atitutorum
472 2963 679 3031 patriarcharum
698 2963 750 3015 lioc
775 2970 896 3046 tempore
919 2963 1025 3032 fugiens
1048 2962 1236 3015 tremebundus
1257 2970 1283 3013 ct
1301 2962 1405 3013 timoris

300 3036 396 3105 plenus
426 3036 471 3103 qui
491 3034 549 3089 heri
569 3044 726 3103 persecutor
751 3036 896 3086 acerrimus
916 3034 1038 3087 luerat
1031 3049 1058 3085 in
1078 3033 1175 3086 multos
1194 3034 1253 3085 dicu
1270 3049 1331 3086 oeae
1352 3032 1406 3085 ab.

300 3108 447 3161 scondebat
464 3106 598 3159 inutiliter
617 3116 761 3159 conterena
781 3114 807 3157 et
825 3104 907 3157 ualde
928 3106 1079 3157 detrectans
1100 3106 1190 3157 vitam.

399 3194 476 3245 Licet
492 3194 575 3262 igitur
593 3195 777 3246 ratiocinando
800 3194 908 3245 studere
927 3193 1034 3260 στερροὶ
1048 3193 1180 3260 quomodo
1203 3192 1325 3261 vulgatae
1343 3191 1406 3244 lucri

302 3273 329 3318 ct
344 3280 430 3331 nuper
450 3264 566 3330 superbo
586 3280 660 3316 more
679 3281 696 3315 a
721 3264 865 3317 Philotheo
895 3264 1027 3316 deiuctce
1048 3264 1111 3315 fidei
1139 3263 1290 3315 hominibus
1316 3264 1406 3315 iacta.

301 3337 391 3389 tionea
411 3343 438 3386 et
454 3335 576 3387 scurrilis
601 3335 709 3404 linguae
737 3336 849 3388 lacctiac
875 3335 988 3387 urbanae
1008 3336 1162 3401 coarguerit
1187 3336 1300 3387 nonita
1318 3333 1405 3385 multo

302 3407 368 3459 deno
386 3407 483 3457 iustum
502 3406 529 3456 in
550 3405 677 3457 indicium
696 3415 794 3459 vocato
817 3421 849 3457 eo
869 3407 914 3474 qui
938 3406 1103 3457 manifestum
1122 3406 1244 3457 iniuriam
1262 3406 1342 3457 nimio
1359 3406 1406 3455 ia.

304 3475 393 3530 ctubut
410 3476 495 3560 inagis
510 3483 597 3527 autern
612 3478 690 3529 etiam
700 3478 817 3529 iactabat
835 3485 899 3541 tum,
916 3476 1031 3529 iactabat
1050 3492 1116 3528 vero
1135 3478 1213 3528 etium
1232 3476 1305 3544 prius
1325 3492 1406 3544 quam

302 3557 357 3601 turn
376 3555 403 3598 et
421 3548 503 3599 iactat
532 3547 701 3600 continenter
720 3549 843 3616 sibiipsi
868 3556 895 3599 et
916 3556 1047 3616 quotquot
1076 3550 1147 3599 circa
1167 3564 1226 3599 euin
1246 3556 1350 3599 etcum
1369 3562 1405 3599 eo

302 3625 443 3672 vereantur
467 3617 590 3670 Palamae
613 3625 771 3670 sectatores.
816 3620 875 3688 quis
895 3627 982 3671 autem
1006 3634 1060 3670 non
1084 3621 1217 3672 desciscat
1236 3618 1332 3671 volens
1350 3636 1406 3671 un-

302 3705 405 3743 rucrarc
425 3698 517 3757 aperta
539 3703 587 3756 pro
612 3690 646 3740 iio
669 3704 775 3754 εοαιρει·
803 3691 873 3743 lacta
891 3691 1019 3742 divinitua
1044 3699 1199 3757 argumenta
1226 3691 1264 3742 ita
1282 3699 1311 3742 nt
1332 3692 1406 3743 indi-

301 3762 371 3811 cium
399 3776 511 3827 pronum
538 3760 571 3813 ad
597 3760 800 3813 conversionem
825 3762 906 3812 animi
933 3762 977 3813 ait.
1021 3763 1080 3831 quir
1104 3776 1158 3813 non
1182 3762 1294 3814 miretur
1310 3762 1406 3815 vitlena

302 3834 476 3882 constantiam
495 3847 549 3884 non
568 3830 724 3884 llectendam
744 3831 776 3882 ad
804 3831 1013 3901 intelligendum
1030 3848 1105 3885 auum
1124 3847 1252 3884 errorem.
1292 3833 1406 3886 ethaeo

302 3901 407 3969 quidem
427 3901 480 3953 laoc
496 3903 573 3955 modo
593 3911 669 3954 erant
688 3910 849 3968 comparata.

401 3986 530 4040 Filiorum
555 3996 643 4055 uutem
671 3988 852 4044 Cautacuaoni
878 3990 1015 4044 dlatlaacua
1043 3956 1148 4061 quidem
1175 4003 1225 4043 rex
1254 3998 1308 4043 tuan
1334 3991 1407 4045 lorte
1445 4004 1451 4011 ·

303 4058 486 4113 venabatur
478 4074 506 4110 ur
525 4058 558 4110 iic
582 4060 739 4128 regionibns
762 4075 830 4128 quae
855 4060 926 4115 ultra
950 4062 1084 4130 duplicem
1110 4076 1212 4114 murum
1234 4070 1262 4115 et
1281 4061 1408 4116 Orestia.

298 4131 370 4183 dem.
407 4129 512 4185 maaet
537 4144 602 4184 vero
627 4131 673 4200 qai
696 4131 830 4203 oenandae
857 4131 958 4187 abillo
988 4141 1044 4187 crau
1066 4140 1195 4201 tyrannus
1226 4135 1385 4205 dignitato
1377 4150 1408 4187 rn
