3017 4759
341 251 419 324 308
646 252 872 323 nicoenoltr
902 246 1130 318 eneconis

442 416 485 479 Εἰ
513 416 541 478 δ’
574 416 608 479 όυ
641 380 782 500 ποιότητι
810 414 914 502 όόγιιηι
936 416 971 477 τε
1004 437 1055 476 και
1086 411 1239 493 όμεγέθει
1264 387 1370 492 μέρος
1396 408 1454 472 ουίι

339 516 443 595 ἔξεστι
470 518 571 599 λέγειν
601 520 745 600 κυρίοις,
783 538 857 578 oure
887 518 1024 597 μέγεθος
1055 513 1150 576 odota
1182 504 1453 595 προστιθόιμαι
1435 537 1449 591 η

336 615 492 702 όφαιρεῖν
515 615 570 701 (ori
591 616 653 699 γὰρ
675 597 870 700 λέγομεν”
830 639 904 680 ουτε
922 612 1063 698 μεγάλην
1092 606 1165 677 odes
1186 613 1308 693 μικρόν
1334 613 1452 674 λευκό-

338 723 456 804 τητα),
490 723 610 785 πολλοῦ
644 721 731 799 μέντ’
761 713 802 782 όν
835 712 959 800 όενσειε
978 740 1032 784 και
1063 712 1257 788 τοιῖπαυτός
1289 717 1451 797 περὶτῆς

336 816 428 894 θείας
451 819 563 894 οόσίας
584 821 716 885 τοιαῦτα
738 826 820 885 υοεῖν
842 818 898 882 καί
919 823 1030 902 λέγειν,
1051 811 1071 898 ἢ
1093 821 1214 901 μεγέθη
1231 818 1292 897 μὲν
1314 816 1375 878 καί
1395 837 1471 895 prr-5

337 917 473 1004 κρότητα
494 920 643 1006 πεποίηκέ
666 944 701 984 τε
724 922 781 985 καί
802 919 854 984 αἐἰ
873 928 966 1002 ποιεῖ,
990 917 1072 1000 αὕτη
1097 921 1127 982 δ’
1146 921 1216 984 ε’στί
1236 916 1321 980 κατὰ
1345 917 1450 1003 φύσιν

336 1022 466 1108 οόόαμῇ
486 1025 588 1106 μηδὲν
610 1012 655 1086 σόν
676 1027 827 1105 πεποίηκέ
848 1045 881 1087 τε
905 1024 960 1102 καί
980 1018 1033 1084 αἐί
1054 1027 1146 1084 ποιεῖ.
1198 1021 1274 1083 ου’όέ
1296 1015 1449 1103 πρόεισιν

337 1121 385 1195 εἰς
405 1113 507 1203 όγκον,
528 1122 597 1186 ου’ό*
620 1117 660 1184 osi
679 1120 722 1204 μη
748 1120 940 1208 προχωρήσῃ
963 1124 1048 1184 ποτέ.
1091 1119 1126 1184 τό
1149 1118 1211 1202 γόρ
1234 1112 1319 1206 imp
1334 1121 1450 1199 μεῖζον

338 1220 502 1301 γινόμενον
525 1219 661 1303 όυυόμει
683 1226 803 1305 γίνεται
825 1219 965 1306 ἔλαττον,
988 1222 1043 1290 κατ’
1064 1218 1098 1285 τό
1124 1218 1290 1300 δυνάμεως
1311 1223 1450 1300 μεγέθει

337 1324 488 1404 μέγιστον
509 1314 601 1405 όγκου
619 1326 758 1387 λείπεται
776 1322 909 1402 Ιπαντός,
932 1321 982 1384 ἵνα
997 1323 1143 1404 μέγιστον
1163 1321 1280 1401 όμοίοις
1304 1318 1360 1382 οἷεί
1377 1322 1482 1384 δια-10

337 1427 427 1514 μόνη.
470 1423 526 1488 καί
545 1422 606 1508 γόρ
629 1428 684 1489 καί
703 1427 734 1489 εἰ
753 1427 829 1507 περί
847 1427 903 1506 τῆς
925 1427 958 1488 όν
980 1421 1065 1502 χιόνι
1085 1425 1323 1506 βουληθείημεν
1343 1424 1449 1504 λέγειν

337 1522 529 1611 λευκότητος
557 1524 836 1610 όποόειμματος“
820 1549 942 1608 ειεκεν,
974 1527 1011 1587 ori
1042 1525 1099 1608 την
1136 1528 1168 1587 έν
1197 1545 1238 1609 τρι
1271 1526 1370 1607 μέρει
1394 1528 1449 1606 τῆς

338 1625 447 1710 χιόνος
466 1628 636 1722 λευκότητα
652 1632 747 1713 μέρος
767 1621 805 1693 όν
827 1633 966 1713 φαίημεν
988 1650 1044 1709 της
1065 1630 1099 1689 έυ
1112 1629 1238 1748 πλείστη
1258 1623 1350 1705 χιόνι
1376 1629 1447 1688 λευ-

339 1728 477 1811 κότητος,
498 1718 578 1791 oillei
599 1734 718 1812 μέρους
749 1733 808 1809 μέν
831 1726 940 1810 χιόνος
973 1727 1163 1811 λευκότητα,
1186 1719 1283 1844 μέρρς
1309 1727 1345 1788 δέ
1374 1733 1449 1789 λευ-

338 1827 468 1912 κότητος
490 1853 613 1911 ηκιστα·
658 1822 773 1912 όογκοι
795 1827 856 1914 γάρ
879 1853 931 1893 και
954 1821 1072 1893 όποσου
1093 1827 1167 1891 καθ’
1188 1821 1265 1889 adri
1288 1825 1348 1890 καί
1366 1828 1447 1907 α’μέ-
1431 1832 1480 1884 -15

261 1927 470 2012 “redemi
493 1929 665 2011 λευκότης,
695 1929 739 2003 τός
774 1930 942 1995 δέδεικται.
994 1954 1021 1993 ει
1016 1930 1076 1992 δὲ
1098 1930 1181 2011 μηδὲ
1203 1926 1445 2045 συμβεβηκὸςῆ

283 2069 286 2075 -
339 2025 489 2102 όυοόσιος
511 2023 593 2112 αότη
613 2035 830 2113 συγχωρεῖταί
847 2053 900 2095 σοι
934 2033 1076 2113 γίνεσθαι
1097 2032 1255 2124 ἐνέργεια,
1277 2029 1346 2089 nor?
1364 2027 1445 2091 ταό-

336 2154 395 2213 την
415 2133 547 2194 θετέον·
591 2132 660 2214 λέγε
681 2135 736 2194 καί
758 2135 923 2212 νομοθέτει
938 2130 1003 2195 σό.
1034 2154 1091 2214 της
1110 2127 1172 2212 peip
1187 2130 1243 2193 τοῦ
1261 2121 1351 2203 όυτος
1373 2155 1446 2252 ηια-

321 2221 392 2314 ’νης
420 2235 465 2306 εἰς
486 2231 609 2296 οόσίαι
635 2257 688 2298 και
712 2232 912 2349 συμόεβηκός
938 2232 1231 2316 διαιρουμέιης,’
1200 2255 1229 2294 ει
1250 2226 1324 2312 μήτ’
1346 2231 1444 2295 ου’σία

337 2329 419 2414 μήτε
442 2330 643 2416 συμβεβηκός
664 2331 731 2417 είη,
760 2326 861 2398 τῶν
843 2357 940 2398 oerore·
968 2325 1067 2396 oriu'
1047 2356 1085 2395 αν
1106 2333 1239 2415 λέγοιτο.
1295 2335 1443 2396 λείπεται
1452 2335 1479 2388 ll

338 2425 403 2515 όρα
426 2431 472 2516 μη
494 2424 530 2496 όν
550 2437 585 2510 ἔξ
606 2433 742 2522 α’νόγκης
761 2438 920 2516 λέγεσθαι.
965 2427 1047 2516 αότη
1067 2435 1129 2498 τοῖν
1150 2435 1266 2497 καινιόυ
1284 2455 1346 2496 σου
1373 2436 1444 2516 doy-

336 2531 485 2617 μότοινῆ
509 2540 667 2619 τερατεία,
690 2540 767 2600 καλὲ
791 2537 952 2618 Παλαμοῖ,
972 2533 1008 2600 τό
1030 2534 1190 2600 πιστεύειν
1212 2536 1257 2612 εἰς
1274 2529 1310 2600 τό
1334 2533 1385 2618 μὴ
1409 2530 1445 2600 όν

235 2854 239 2861 .
410 2787 529 2852 Quodsi
520 2805 549 2842 ιιι
560 2789 687 2858 qualitate
699 2807 769 2860 quae
777 2790 966 2859 magnitudinis
980 2798 1006 2843 et
1013 2789 1194 2858 amplitudinis
1206 2797 1246 2842 est
1256 2805 1367 2857 expers,
1379 2807 1445 2860 par.

337 2858 391 2913 teni
403 2874 458 2913 non
477 2859 544 2913 licet
561 2863 669 2931 proprie
688 2863 794 2928 dicere,
821 2879 910 2931 neque
928 2863 1137 2930 magnitudinem
1154 2860 1236 2913 ullam
1255 2862 1380 2914 adiicere
1400 2873 1445 2916 aut

338 2931 494 2985 detrahere:
514 2949 603 3018 neque
616 2950 684 2986 enim
694 2934 806 2986 dicimus
815 2949 935 3002 magnam
945 2950 1033 3002 neque
1046 2949 1154 3001 parvam
1164 2932 1354 2985 albitudinem
1371 2936 1445 2986 mul.

337 3010 391 3055 tum
403 3004 557 3072 proiecto
535 3021 594 3057 erre
593 3006 694 3074 potius
704 3020 783 3057 omne
793 3006 878 3069 abest,
896 3013 925 3057 ut
935 3007 968 3058 de
981 3006 1072 3058 divina
1085 3005 1201 3056 essentia
1210 3003 1274 3055 talia
1288 3007 1443 3074 cogitemus

263 3074 266 3087 ¹
339 3083 366 3126 et
377 3075 504 3140 dicamus,
518 3093 587 3144 quae
599 3078 806 3145 magnitudinem
820 3085 848 3129 et
860 3077 1016 3144 parvitatem
1028 3076 1094 3128 fecit
1107 3085 1133 3128 et
1146 3090 1252 3141 semper
1266 3077 1352 3129 facita
1376 3078 1443 3129 llaec

242 3192 247 3198 ,
275 3197 281 3209 ,
338 3153 426 3196 autern
448 3155 574 3199 anatura
591 3148 667 3200 nullo
684 3151 763 3201 modo
779 3149 921 3217 quidquam
936 3156 976 3199 est
990 3162 1090 3212 eorum
1110 3163 1179 3214 quae
1198 3147 1263 3198 lecit
1284 3155 1312 3198 et
1333 3165 1443 3216 semper

318 3216 419 3268 xlacit.
437 3232 526 3286 neque
545 3219 659 3285 prodit
651 3235 679 3270 rn
698 3219 913 3287 amplitudinem,
939 3234 1028 3286 neque
1048 3234 1162 3304 unquam
1182 3218 1322 3285 procedet,
1340 3223 1442 3271 etenim

271 3321 275 3331 .
339 3288 409 3355 quod
421 3289 596 3354 amplitudine
606 3291 690 3342 maius
701 3292 738 3354 lit,
753 3307 781 3343 vr
774 3292 820 3342 'lit
834 3293 921 3342 minus
934 3299 960 3342 et
970 3291 1075 3357 quod
1050 3306 1090 3341 vus
1102 3290 1283 3358 magnitudine
1294 3294 1443 3343 maximnm

339 3366 390 3422 est,
411 3358 444 3410 ab
463 3359 635 3426 amplitudine
654 3362 816 3428 relinquitur
835 3363 922 3428 omui,
942 3369 970 3412 ut
987 3363 1127 3413 maximum
1141 3377 1226 3429 aeque
1245 3376 1354 3428 semper
1378 3379 1443 3430 por-

337 3438 452 3481 maneut.
497 3432 594 3482 etenim
621 3433 645 3484 si
668 3433 701 3483 de
726 3432 874 3485 albitudine
905 3449 974 3501 quae
1001 3441 1040 3483 est
1068 3433 1095 3484 in
1119 3434 1183 3484 nive
1202 3431 1318 3484 velimus
1338 3434 1444 3495 dicere,

341 3501 460 3569 exempli
478 3503 574 3572 gratia,
592 3518 647 3555 uon
665 3502 839 3556 albitudinem
859 3521 927 3573 quae
946 3512 988 3555 est
1006 3505 1033 3554 in
1052 3511 1127 3571 parte
1146 3504 1217 3556 nivis
1236 3503 1357 3567 dicamus
1379 3523 1444 3572 par.

337 3579 390 3625 tem
411 3573 565 3627 albitudinis
593 3590 661 3642 quae
690 3584 730 3642 eet
750 3578 779 3626 in
797 3575 911 3641 plurima
929 3576 1014 3641 nive,
1033 3578 1080 3630 sed
1099 3575 1271 3627 albitudinem
1289 3578 1380 3642 partis
1400 3580 1443 3628 ni.

338 3646 399 3710 vis,
421 3647 529 3699 minime
548 3655 636 3698 autem
655 3646 757 3712 partem
777 3647 940 3699 albitudinis.
959 3647 1158 3714 'amplitudinis
1184 3648 1253 3699 enim
1278 3655 1305 3698 et
1329 3651 1444 3715 quanti.

339 3718 401 3769 tatis
422 3735 518 3787 expers
537 3735 586 3786 per
603 3734 633 3770 se
655 3726 682 3770 et
700 3718 889 3786 magnitudinis
905 3726 945 3770 est
962 3718 1091 3784 albitudo‚
1110 3725 1140 3769 ut
1159 3719 1371 3770 demonstratum
1393 3727 1443 3770 est.

339 3788 381 3839 sin
401 3798 488 3841 autem
507 3806 543 3842 ne
561 3791 684 3842 accidens
704 3791 809 3858 quidem
829 3806 890 3842 esse
908 3789 975 3840 haec
990 3789 1183 3842 inessentialia
1202 3805 1218 3840 a
1238 3798 1265 3841 te
1281 3793 1444 3843 conceditur

342 3858 498 3925 efficientia,
517 3861 563 3912 ubi
586 3877 642 3913 eam
664 3860 818 3928 ponemus?
854 3863 896 3914 dio
917 3869 943 3912 et
957 3863 1058 3928 impera
1076 3871 1119 3913 tu·
1139 3877 1197 3912 cum
1218 3862 1287 3912 enim
1306 3877 1363 3914 vox
1375 3864 1444 3914 eius

309 3930 412 3997 ¹xquod
445 3939 486 3983 est
512 3933 539 3982 iu
562 3935 705 3984 essentiam
735 3942 762 3984 et
789 3933 913 3985 accidens
933 3934 1081 3998 dividatur,
1101 3934 1124 3984 si
1143 3931 1193 3983 illa
1211 3948 1301 4000 neque
1322 3936 1446 3984 essentia

341 4009 382 4053 est
399 4016 489 4070 neque
507 4004 648 4068 accidens,
667 4019 721 4055 nou
741 4004 793 4054 dici
812 4012 901 4070 potest
920 4005 1062 4072 quidquam
1088 4019 1179 4057 eorum
1198 4019 1267 4071 qnae
1286 4011 1369 4056 sunt:
1396 4021 1446 4056 re-

338 4071 469 4140 linquitur
488 4073 571 4142 igitur
597 4076 751 4126 necessario
778 4081 877 4126 utnon
909 4091 969 4128 esso
993 4077 1103 4128 dicotur.
1147 4076 1198 4126 hae
1223 4083 1285 4126 sunt
1304 4090 1445 4141 novorum

338 4152 444 4198 tuorum
462 4148 612 4215 dogmatum
638 4147 821 4215 praestigiae,
840 4146 945 4198 Palama
965 4148 1093 4219 egregio,
1114 4155 1144 4198 ut
1163 4147 1280 4200 credas
1273 4163 1301 4200 ru
1323 4150 1349 4200 id
1371 4149 1447 4218 quod
