3017 4759
306 259 381 340 tro
607 223 831 340 mcnrnom
851 269 1092 338 caacoaaa

306 434 361 516 τῆς
379 432 549 520 ἐκκλησίας
569 436 704 511 όννοιλιις
726 427 880 518 ἑπόμενος
886 481 897 513 ,
922 436 1017 500 ταῦθ’
1041 430 1151 522 ὥσπερ
1181 436 1219 500 ἀν
1239 433 1443 522 μεταμέλῳ

306 535 472 620 γενόμενος
492 535 618 623 γνάμης
640 537 799 624 διορόττει
819 537 875 600 καί
897 535 1030 624 ἀναιρεῖ
1039 584 1049 616 ,
1070 540 1139 613 πῶς
1157 533 1195 600 od
1217 538 1444 624 παραβάτην

280 628 420 702 ’ἑαυτὸν
443 637 586 704 δείκνυσι
606 637 688 722 κριτοὶ
716 636 771 704 τόν
793 643 883 703 θεῖον
908 639 1010 726 φάναι
1039 637 1238 718 ἀπόστολον,
1264 639 1338 704 καὶ
1365 638 1442 722 ἅμα

188 755 210 806 .’
305 730 412 825 ἑαυτῷ
433 739 615 823 μαχόμενον
626 741 682 805 καί
691 739 838 824 θεότητις
861 739 1020 805 δέδεικται
1038 737 1102 827 γὰρ
1126 737 1222 816 αάτός
1242 741 1283 804 ἐν
1306 763 1440 826 προοι-

305 839 392 924 μίοις
422 840 582 908 διδάσκων
613 839 697 926 ἡμᾶς
729 845 799 930 φάς
832 841 867 906 ἓν
898 842 1071 928 ἀπρόσιτον
1105 835 1189 907 εἶναι
1220 839 1287 926 τὴν
1324 842 1460 927 μόνηνῡ

309 943 429 1028 ἐκείνην
463 938 608 1008 ἀκτιοτον
629 945 686 1027 τῆς
705 938 871 1030 μακαρίας
896 945 1027 1029 τριάδος
1048 943 1161 1010 οάσίαν
1188 967 1225 1009 τε
1258 944 1329 1008 καὶ
1351 944 1437 1010 θεό-

305 1068 393 1128 τητα.
437 1043 608 1131 ἀπρόσιτον
630 1048 659 1110 δ’
685 1043 783 1110 εἶπάν
802 1045 858 1108 καί
871 1042 1009 1129 ἀόρατον
1021 1046 1199 1129 δεδήλωκεν
1224 1037 1323 1109 εἶναι
1345 1043 1438 1129 μετὰ

158 1228 160 1236 y
307 1146 427 1208 πολλοῦ
448 1146 505 1209 τοῦ
525 1146 718 1232 κρείττονος·
759 1143 801 1210 τά
816 1146 852 1209 δὲ
871 1152 940 1228 μετ’
955 1144 1031 1211 calco
1052 1143 1154 1211 πάντα
1171 1149 1269 1232 φῶτα
1298 1147 1436 1212 κτιστά.

240 1238 371 1328 uedeo
394 1247 421 1310 δ’
447 1241 485 1310 ἀν
503 1241 584 1311 ἀλλα
603 1270 637 1312 τε
657 1246 783 1332 μυρία,
810 1245 867 1312 καί
894 1244 957 1313 ὅσα
984 1250 1106 1330 μᾶλλον
1127 1244 1223 1323 αότδς
1245 1246 1313 1331 τὴν
1337 1246 1435 1331 όμιό-

307 1370 408 1430 νυμον
430 1346 539 1435 φωνὴν
559 1351 616 1412 τοῦ
650 1346 758 1435 φωτός
789 1373 871 1412 κατα
897 1370 956 1433 την
983 1371 1029 1425 εις
1058 1350 1158 1414 πλείω
1187 1339 1433 1433 σημαινόμενα
1441 1373 1467 1428 ρ

309 1449 522 1536 ποιησάμενος
541 1449 669 1515 ἔκτασιν
698 1452 732 1515 ἓν
762 1453 810 1539 τῷ
831 1452 907 1536 περὶ
925 1451 1147 1534 βαπτισματος
1169 1450 1432 1538 ἔξέθετσλόγιμ.

179 1551 346 1628 mmm}
367 1554 475 1644 τοίνυν
493 1545 601 1640 ἑαυτῷ
621 1553 805 1637 μαχόμενος
825 1553 882 1618 καί
903 1552 1032 1639 θεότητι
1051 1559 1189 1641 φαινοιί
1217 1549 1300 1619 ἀνά
1320 1553 1431 1639 μέγας

193 1691 195 1698 v
309 1645 399 1730 οὗτος
432 1653 644 1734 διδάσκαλοςς
680 1649 793 1739 ἀπαγε.
821 1652 1016 1739 μαινομένης
1050 1654 1144 1719 ταυτί
1174 1654 1331 1731 διανοίας
1371 1653 1430 1717 καὶ

308 1755 447 1842 γλάττης
469 1754 534 1818 εἰσί
554 1755 790 1840 παρευρήματα
821 1753 903 1819 κατά
934 1756 991 1820 τοῦ
1013 1751 1127 1840 ἀγιόυ,
1150 1749 1248 1841 ἤθεσι
1269 1779 1427 1842 χρηστο-

307 1855 412 1942 τόροις
434 1857 575 1940 δολερῶς
595 1853 818 1941 κρυπτόμενα·
865 1855 1051 1942 πολλὰγὰρ
1072 1857 1190 1932 ἐκεῖνος
1206 1848 1424 1946 ’ἀπαριθμη-
1432 1881 1457 1933 15

310 1960 446 2039 σάμενος
467 1953 620 2040 λέγεσθαι
642 1959 750 2042 φῶτα,
780 1957 815 2022 ἓν
840 1941 903 2022 ίάν
925 1960 1051 2022 πολλῶν
1075 1951 1158 2022 εἶναι
1178 1956 1265 2041 λέγει
1284 1957 1424 2022 κάκεῖνο

308 2057 344 2124 τό
369 2061 447 2145 φάς,
468 2058 501 2122 ἐν
527 2046 554 2154 pi
572 2055 618 2142 μὴ
641 2051 813 2140 δεδεῖχδάί
829 2083 927 2146 φησιν
947 2057 1029 2123 ἀλλά
1043 2061 1310 2146 παραδεδεῖχθαι
1331 2083 1422 2144 τηνι-

297 2156 489 2244 1καάτακὴν
513 2158 659 2246 θεότητα,
680 2164 736 2244 τῆς
757 2161 848 2246 παρά
866 2159 1054 2246 προδόσεως
1072 2159 1271 2245 κολαζούσης
1290 2159 1332 2225 τό
1360 2155 1421 2224 αό-

310 2265 410 2338 δαδες
426 2263 489 2326 τῶν
512 2261 637 2338 ἀτόπως
657 2260 698 2328 τά
718 2265 794 2326 &eiu
813 2249 1014 2344 ρωμολοχεῖν
1045 2260 1266 2349 ὦρμημένων,
1289 2259 1340 2338 σός
1362 2263 1421 2326 καί

220 2350 226 2354 ”
308 2361 386 2448 ἡμῖν
410 2364 443 2426 ἐν
468 2359 575 2440 ἀλλοις
596 2361 724 2448 εἴρηταί
739 2387 774 2428 τε
793 2363 850 2429 καί
870 2358 1085 2450 αά“προἰ“οὕσι
1105 2363 1297 2449 τρανότερον
1324 2364 1454 2449 fleri-id

240 2487 295 2543 25
308 2489 397 2531 σεται
418 2462 500 2528 κατά
519 2464 642 2550 χάραν.
684 2465 810 2550 παρίτω
839 2466 868 2529 δ’
893 2462 980 2548 ὅμως
1010 2467 1044 2530 ἓν
1064 2469 1185 2551 βραχεῖ
1213 2462 1231 2530 ό
1255 2468 1417 2552 Χρυσορ-

310 2567 419 2652 ρὴμων
431 2563 507 2652 ἡμῖν
529 2568 710 2649 συμμαχῶν
732 2565 898 2652 Ἰωάννης,
930 2563 1054 2653 εἴρηται
1072 2566 1172 2654 λέγων
1192 2568 1350 2646 πολλάκις
1370 2565 1418 2642 σός

380 2743 426 2797 22.
462 2743 500 2798 λκ.
511 2743 563 2797 sori
581 2709 625 2803 εἰς
640 2736 671 2797 τὸ
689 2740 867 2816 Εόαγγελιον
885 2747 935 2799 καλ
953 2749 1031 2808 τίνος
1047 2745 1136 2818 χάριν
1155 2746 1187 2804 ἐν
1203 2745 1236 2818 τῇ
1254 2745 1328 2821 άγίςι
1344 2764 1414 2806 κεν-

378 2818 494 2890 ιηκοστῂ
514 2807 583 2881 ἦλθε
601 2813 630 2868 τό
652 2820 769 2890 πνιόμα
790 2810 822 2872 τὸ
844 2814 937 2890 ἅγιον.

310 2989 492 3042 communibus
514 2998 540 3042 et
555 2989 608 3058 piis
627 2990 762 3044 ecclcsiae
774 2991 932 3058 praeceptis
940 2990 1053 3055 innisus,
1074 2988 1142 3042 haec
1155 2989 1248 3058 paullo
1268 2997 1332 3058 post
1350 2999 1410 3044 un.

310 3077 387 3131 quam
405 3062 572 3130 poenitentia
591 3069 737 3114 commotus
755 3062 815 3130 ipsc
833 3061 941 3116 suliodit
965 3070 993 3113 et
1010 3061 1114 3114 auferte
1137 3076 1228 3113 nonne
1246 3071 1410 3130 praecepta.

310 3148 367 3186 rum
386 3127 545 3185 violatorem
565 3149 594 3185 se
613 3135 700 3186 reddit
718 3139 748 3184 ut
760 3133 787 3185 S.
808 3132 944 3201 apostolus
964 3134 1038 3198 dicit,
1057 3147 1164 3201 unaque
1183 3133 1229 3201 qui
1247 3141 1335 3186 semet
1351 3136 1409 3202 ipss

311 3211 337 3256 et
358 3205 482 3256 deitatem
501 3205 649 3272 impugnet.
687 3204 831 3258 affirmavit
856 3205 925 3257 enim
949 3205 1009 3272 ipse
1029 3205 1057 3255 in
1076 3205 1221 3271 prooemiis
1240 3219 1291 3258 nos
1309 3205 1408 3257 docens

309 3271 398 3326 locem
418 3291 496 3327 unam
518 3277 732 3329 inaccessibilem
750 3293 810 3331 esse
829 3293 907 3330 unam
925 3275 1001 3328 illam
1017 3278 1163 3328 increatam
1184 3277 1282 3328 beatae
1300 3277 1408 3329 trinita.

310 3346 345 3398 tis
365 3347 506 3400 essentiam
532 3354 558 3399 et
577 3346 721 3417 deitatem;
740 3356 767 3401 et
786 3349 848 3417 quia
869 3346 1085 3400 inaccessibilem
1103 3348 1170 3400 dixit
1190 3355 1217 3400 ct
1234 3347 1406 3414 invisibilem,

311 3415 459 3471 declaravit
489 3418 568 3470 etiam
587 3419 927 3488 multo‘praestantiorem3
953 3434 1106 3489 quaerero
1129 3418 1192 3471 luce
1210 3419 1260 3472 hac
1278 3419 1407 3472 interiora

310 3487 420 3555 lumina,
441 3505 500 3542 csse
520 3497 618 3542 creata.
656 3499 717 3543 sunt
735 3500 823 3543 autem
840 3492 907 3544 haec
931 3491 984 3543 alia
1002 3492 1141 3542 innumera
1168 3499 1195 3542 et
1212 3498 1343 3559 quotquot
1358 3491 1406 3545 illc

310 3561 370 3628 ipsc
389 3563 482 3615 eodem
501 3564 608 3616 nomine
625 3563 769 3614 secundum
788 3561 856 3615 lucis
878 3565 906 3616 ia
923 3562 1052 3630 :pluribus
1074 3562 1313 3615 manifestationem
1332 3578 1405 3616 com.

310 3642 439 3686 memorat
457 3635 484 3687 in
505 3635 574 3687 libro
602 3634 636 3685 de
659 3633 826 3700 baptismate.
872 3635 933 3703 quid
952 3632 1055 3703 igitur?
1068 3635 1217 3688 uideturne
1235 3649 1345 3701 magnus
1363 3635 1404 3686 iric

310 3713 470 3774 praeceptor
489 3714 574 3760 semet
591 3706 677 3774 ipsam
697 3713 724 3756 et
743 3705 868 3757 deitatem
887 3704 1064 3775 impugnare?
1105 3721 1192 3774 apage
1211 3704 1278 3756 haec
1296 3708 1402 3758 amentis

311 3777 448 3830 doctrinae
468 3788 495 3830 et
512 3779 623 3848 linguae
647 3785 758 3844 peccata
782 3778 810 3828 in
835 3777 958 3844 spiritum
984 3777 1120 3843 divinum,
1146 3776 1242 3829 dolose
1264 3777 1293 3828 in
1316 3778 1402 3830 vertis

312 3846 466 3916 quibusdam
486 3850 586 3917 pulcris
605 3849 752 3902 recondita.
798 3863 858 3901 nam
884 3865 963 3918 quum
981 3848 1064 3901 multa
1088 3849 1132 3901 hic
1154 3856 1292 3900 enumeret
1308 3847 1402 3900 lumina

313 3925 340 3971 ct
358 3918 452 3974 horum
471 3936 551 3974 unum
571 3921 642 3973 dicat
657 3920 726 3973 illud
745 3936 797 3989 quo
817 3920 941 3972 deitatem
965 3920 1043 3974 nobis
1065 3935 1120 3973 non
1138 3921 1222 3988 ipsam
1243 3920 1400 3973 manifestari

312 3991 359 4043 scd
377 3998 478 4044 tantum
500 3991 729 4045 submaniicstari:
757 3994 815 4064 ipsa
840 3991 907 4044 haec
935 3991 1019 4044 “suh’'
1048 3993 1213 4059 praepositio
1232 3991 1400 4044 temeritatem

312 4071 421 4116 coercet
440 4077 531 4116 eoram
556 4064 600 4130 qui
631 4071 683 4116 tam
702 4063 785 4118 stulte
810 4064 902 4116 divina
920 4063 1014 4116 ludere
1036 4065 1152 4116 student.
1197 4072 1229 4116 ut
1255 4063 1358 4117 anobis
1374 4067 1398 4116 iu

312 4133 373 4188 aliis
391 4133 481 4188 maltis
500 4135 596 4188 dictum
616 4145 657 4188 est
676 4144 704 4188 at
721 4151 801 4205 quum
812 4138 949 4203 progressi
969 4136 1067 4187 crimin
1087 4136 1147 4187 loco
1167 4150 1215 4188 suo
1234 4135 1337 4203 planias
1353 4152 1398 4189 ex·

312 4214 436 4276 ponetur.
473 4208 594 4264 breuiter
622 4223 692 4260 nunc
717 4208 789 4260 dicat
807 4206 1013 4276 chrysostomus
1029 4215 1123 4266 nester
1148 4207 1278 4261 losancsz
1297 4220 1398 4278 «saepe,

492 4473 502 4514 l

553 4525 571 4554 ι
