3017 4759
298 240 375 313 '182
484 234 488 246 ⁴
571 236 574 242 ’
602 236 827 307 utoernout
843 232 845 237 ’
859 229 1089 299 Guuoouttt

297 406 436 488 ύπείροις
464 401 576 484 ἔχουσι
605 403 669 465 τῶν
700 396 908 480 βαρβαρικῶν
929 395 1081 477 ἐξαίφνης
1104 390 1251 475 ἐφόδων,
1271 391 1404 454 τοιαῦτα

297 502 384 587 παρύ
405 505 513 568 πᾶσαν
536 505 649 567 ύλπίύα
670 494 901 579 ξυνεπεπτούκει
922 498 1049 574 παθεῖν,
1070 494 1306 574 Διδυμοτείχου
1322 513 1404 555 στα-

218 667 221 673 ,
297 610 388 684 διὀυς
409 607 451 668 ού
466 613 556 685 μεῖον
577 604 754 685 ἀπέχουσιν
778 592 798 682 ἢ
821 597 999 680 τριάκοντα.

260 722 285 776 0
400 707 509 771 Ταῦτα
531 707 636 769 πᾶσαν
658 699 874 789 Παλαιολόγηι
905 702 1079 779 συνέτριψε
1103 700 1222 781 κίνησιν
1244 699 1404 779 λογισμῶν

296 805 505 887 ύιιουοθύντα,
525 805 580 869 καί
593 806 699 867 πᾶσαν
716 801 884 888 ἀφῄρηται
898 796 1063 877 σώζουσαν
1079 799 1284 879 προσδοκίαν.
1305 794 1429 879 ἔτυχεδ

293 908 356 992 Ιγαρ
378 914 448 981 ταῖς
469 908 666 989 αστογιίτοσι
682 903 854 988 τηνικαῦτα
878 900 988 964 πόλεσι
1006 901 1158 983 χρείας
1140 898 1326 962 κστινοσούν
1347 900 1400 961 ἐν·

296 1009 466 1090 διατρίβων
488 999 625 1090 αλλης
608 1023 722 1067 ενεκα·
772 1002 809 1089 τῇ
840 1002 870 1065 δ’
905 1000 1059 1086 ύοτεραίρι
1090 1001 1135 1073 εἰς
1163 993 1400 1079 Διδυμύτειχον

295 1108 460 1190 ἐπανήκων
480 1108 562 1193 νύσιρ
577 1128 638 1168 τινι
663 1106 845 1188 περιπίπτει
863 1099 918 1165 διὰ
940 1098 999 1183 την
1020 1101 1135 1182 λύπην.
1161 1089 1197 1181 ἧς
1213 1121 1265 1159 και
1287 1095 1397 1179 βραχύ

295 1230 375 1290 μετα
396 1207 482 1289 μῆνα
505 1202 639 1291 ραΐσας,
671 1196 769 1291 ᾤχετο
800 1199 905 1266 οἷπιύν
932 1198 965 1277 ἒς
997 1202 1153 1283 παροὶλιον
1187 1198 1278 1262 πύλιν
1298 1191 1399 1263 Αινον

296 1303 394 1390 αύτῆν
414 1309 624 1388 καλουμένην.
676 1296 697 1392 ᾗ
725 1306 781 1367 καί
808 1302 890 1389 αύτῇ
911 1297 1027 1384 μικρὸν
1057 1295 1301 1419 ύνύιατειριφιύς
1326 1322 1399 1361 τινα
1410 1316 1444 1371 10

295 1399 473 1491 zooram*
452 1428 561 1471 απεισι
580 1397 728 1471 κακεῖθον
750 1401 974 1477 διαπύντιος’
958 1426 990 1475 ις
1015 1402 1148 1483 Λημνον
1169 1426 1226 1483 την
1243 1403 1346 1483 νῆσον,
1366 1402 1400 1463 ἐν

294 1511 338 1593 roi
359 1506 440 1589 ἔχουν
462 1512 617 1587 ξυμμῖξαι
637 1505 867 1589 παραπλεύσας
888 1502 943 1566 καί
965 1501 1150 1589 πατριύρχη
1172 1504 1215 1589 τῷ
1235 1503 1289 1583 τῆς
1307 1499 1401 1565 Ἀλε-

155 1604 164 1611 '
227 1659 235 1664 .
294 1606 476 1691 ξανύρείας,
501 1606 562 1691 πρύ
581 1610 720 1691 βραχέος
737 1607 796 1669 καί
809 1604 894 1691 αύτῷ
909 1599 1177 1669 καταπεπλευκότι
1199 1606 1232 1677 ἐς
1245 1594 1340 1668 ”Aoo
1361 1600 1396 1665 τύ

295 1700 377 1789 ύρος.
420 1709 450 1770 Γ
448 1708 596 1790 ρηγύριον
631 1708 667 1771 ot
691 1710 746 1770 καί
773 1708 881 1771 τούιον
905 1702 1084 1785 ὁμωνύμως
1112 1705 1220 1791 ε’κείνιρ
1241 1707 1325 1789 φασί
1346 1725 1400 1765 κε-

295 1809 434 1889 κλῆσθαι
456 1810 499 1894 τῷ
522 1809 606 1871 πύνυ
627 1811 767 1886 κοσμίως
789 1806 873 1883 τούς·
891 1802 1143 1889 πατρισρχιιιούς
1174 1805 1229 1887 τῆς
1250 1804 1443 1883 Ἀλεξαν-Ιὸ

296 1909 406 1989 δρειάς
425 1903 536 1979 οἴακας
557 1903 706 1972 ἰθύνοντο
728 1905 888 1991 πρότερον,
911 1896 950 1970 ού
970 1908 1026 1989 τῆς
1042 1908 1145 1991 σοφῆς
1162 1900 1288 1985 ὁμιλίας
1314 1906 1397 1968 αἶπο-

294 2010 482 2072 λελαυκίναι
502 2008 601 2087 κάμοί
619 2007 790 2094 τετύχηκεν
801 2004 928 2090 ἱκανούς,
949 2006 1043 2071 ύπύτι
1058 2009 1112 2128 της
1131 2008 1282 2089 πατρίδος
1303 2002 1398 2091 ἔκδη-

293 2132 353 2191 μος
373 2105 508 2192 γεγονώς
528 2106 590 2190 ε’γιύ
612 2106 754 2197 περιῄειν
775 2108 943 2191 Αἴγυπτόν
963 2131 998 2171 το
1031 2132 1082 2172 και
1103 2100 1323 2224 Ἀρφβιαν,“
1296 2130 1339 2180 αις
1360 2111 1396 2189 γέ

207 2234 349 2332 ομρι
371 2213 426 2274 καί
445 2208 598 2293 πρότερον
617 2208 752 2333 εἴρηται.
807 2211 927 2276 ἐκεινου
959 2212 1069 2290 μέντοι
1094 2204 1173 2287 μετύ
1195 2230 1263 2271 τινα
1284 2215 1395 2272 τελευ-

179 2349 195 2363 .‚
292 2335 446 2396 τησαιτος
464 2310 581 2392 χρόνον
603 2313 715 2378 τούτου
736 2309 919 2393 ἒτιτυχήκοι
933 2332 990 2375 του
976 2306 1127 2392 θρόνου
1150 2306 1298 2388 γενέσθαι
1319 2304 1396 2371 διαί·
1405 2322 1443 2375 20

294 2417 398 2496 δοχον,
420 2412 524 2475 νύνύ’
545 2409 745 2476 α’πεστύλθαι
767 2412 939 2494 πρεσβείαν
957 2412 1126 2488 Ῥωμαίων
1145 2410 1324 2527 κομίζοντα
1333 2412 1398 2485 βα-

293 2520 381 2578 σιλεῖ
399 2506 479 2592 πρύς
498 2512 556 2573 τού
576 2535 629 2590 της
644 2508 813 2591 Αἰγύπτου
837 2536 889 2575 και
910 2507 1103 2592 Ἀραβίας
1085 2505 1236 2590 ηγεμύνος
1258 2504 1395 2592 ύπύσης.

293 2610 374 2693 μετύ
397 2614 504 2693 μέντοι
523 2634 580 2693 την
605 2608 725 2674 ἐκεῖθεν
746 2610 888 2694 ἀκηκοώς
909 2608 1018 2739 ἔξούρν
1038 2607 1077 2672 τοὶ
1096 2607 1262 2687 Ῥωμαίων
1280 2632 1397 2689 συγκε-

217 2698 222 2704 ’
293 2710 418 2796 χύαθαι
440 2710 611 2796 πράγματα
634 2735 687 2775 και
683 2709 926 2791 στασιάζειν
910 2713 962 2797 αφ’
985 2706 1084 2776 ἓαυτύ
1108 2732 1181 2792 περι
1202 2732 1259 2792 της
1280 2704 1399 2794 ύρχης,

295 2973 491 3027 eomuetndine
510 2973 619 3043 cognitu
637 2980 745 3040 praeter
763 2971 845 3025 ullam
867 2932 1022 3039 opinionem
1048 2970 1116 3024 baec
1136 2970 1292 3023 aeciderunt
1309 2957 1397 3037 Πίος..

260 3083 264 3087 -
294 3045 429 3099 motoicbo
448 3043 561 3097 abemnt
581 3060 635 3097 non
652 3045 740 3097 minue
760 3058 837 3113 quam
855 3045 965 3111 triginta
984 3044 1078 3103 stadia.

393 3139 441 3190 iiie
458 3140 556 3191 auditio
576 3138 731 3207 Palaeologi
750 3138 925 3191 consiliorum
952 3140 1021 3191 ratio
1038 3138 1191 3206 perturbata
1221 3144 1262 3189 eet
1281 3145 1308 3199 et
1326 3136 1393 3199 snb.

293 3209 349 3261 itta
367 3210 453 3261 omnio
471 3225 533 3276 apes
554 3210 656 3261 salutis.
694 3218 722 3261 et
742 3212 768 3261 in
787 3211 884 3262 vicinio
901 3209 1011 3261 urbibus
1030 3210 1098 3263 aliun
1112 3212 1152 3261 rei
1171 3224 1251 3261 eausa
1273 3223 1394 3259 commo.

293 3287 366 3331 ratur
383 3280 512 3345 poetridie
531 3281 700 3348 proiecturus
711 3280 942 3347 Didymoteiohum
963 3282 997 3333 ob
1016 3282 1149 3333 tristitiam
1168 3282 1195 3331 in
1212 3280 1330 3333 morbum
1348 3282 1394 3331 in.

294 3350 367 3401 eidit.
411 3363 463 3416 quo
491 3359 520 3401 ut
538 3367 568 3402 ee
595 3350 714 3418 levaret,
735 3361 797 3419 post
816 3368 933 3404 mensem
952 3354 979 3403 in
999 3354 1153 3403 maritimam
1176 3351 1268 3403 urbem
1288 3354 1393 3403 Aenum

293 3421 455 3473 nominatam
472 3420 548 3485 abiit,
569 3422 614 3473 ubi
633 3422 770 3489 paululum
791 3432 907 3475 moratus
927 3423 1052 3475 Lemnum
1071 3423 1183 3475 insulam
1202 3422 1339 3475 contendit
1359 3437 1391 3473 eo

294 3499 368 3545 certe
388 3490 504 3543 coneilio
525 3500 554 3543 ut
579 3494 649 3546 inter
663 3496 863 3563 navigationem
893 3494 1069 3562 patriarcham
1092 3494 1302 3548 Alexandrinum
1316 3508 1392 3545 oon.

293 3564 419 3627 veniret,
448 3564 494 3630 qni
516 3564 623 3632 quidem
640 3566 699 3631 ipae
717 3565 795 3617 brevi
820 3575 899 3619 antea
917 3567 950 3619 ad
973 3574 1089 3617 montem
1107 3565 1178 3618 Atho
1203 3566 1391 3633 navigaverat,

292 3650 372 3703 quem
393 3599 549 3702 Gbegoriam
568 3635 656 3688 ferunt
671 3637 843 3702 nominatum,
862 3652 914 3705 quo
933 3638 1041 3690 nomine
1060 3653 1123 3689 neue
1146 3644 1187 3690 eet
1205 3636 1254 3687 ilie
1273 3638 1318 3704 qui
1339 3650 1390 3687 an-

292 3713 337 3758 tea
354 3706 560 3772 prudentineime
578 3707 754 3775 patriarchica
772 3708 955 3779 gubernacula
964 3708 1145 3762 Alexandriae
1162 3715 1295 3759 tenuerat.
1314 3708 1390 3760 cuius
1450 3736 1454 3747 ·

259 3822 267 3833 ,
293 3776 490 3841 upientieoimo
517 3794 640 3831 sermone
657 3779 722 3830 mibi
741 3794 848 3847 quoque
870 3780 922 3831 frui
943 3782 1073 3848 contigit,
1093 3795 1172 3847 quum
1195 3780 1282 3846 patria
1298 3778 1390 3831 remo

270 3846 361 3897 'tue
353 3862 381 3897 nn
399 3849 550 3916 Aegyptum
583 3858 611 3901 et
629 3851 770 3915 Ambinm‚
793 3851 891 3913 utiam
911 3852 1077 3916 anteadixi,
1105 3850 1302 3917 proficisceres.
1338 3849 1388 3900 illo

292 3930 359 3970 vero
378 3917 495 3983 poetali
515 3921 585 3987 quod
605 3930 707 4003 tempus
726 3930 830 3973 mortuo
852 3922 948 3973 iactum
969 3930 1025 3987 est,
1053 3930 1083 3973 ut
1102 3920 1146 3972 hic
1164 3922 1228 3974 sede
1248 3921 1296 3972 illa
1314 3922 1388 3987 poti.

253 4037 263 4045 „
291 3996 374 4041 retur.
410 4001 482 4038 nuno
502 3998 590 4041 autem
608 3992 704 4043 misane
728 4000 785 4043 erat
803 3992 835 4042 ab
853 3994 1013 4060 imperatore
1030 3993 1149 4062 Aegypti
1173 4000 1200 4043 et
1218 3994 1298 4044 totius
1316 3993 1389 4045 Ara-

291 4059 353 4112 biae
371 4058 404 4110 ad
422 4058 585 4128 legationem
604 4063 663 4130 regi
681 4062 858 4114 Romanorum
876 4066 1056 4116 deferendam.
1093 4072 1207 4115 attamen
1226 4065 1296 4115 inde
1308 4077 1388 4131 quum

292 4138 365 4185 erret
384 4130 521 4199 proieetur
542 4134 614 4189 etin
633 4132 714 4190 rebua
733 4133 911 4191 Romanorum
934 4135 1161 4203 perturbationem
1181 4143 1208 4187 et
1228 4134 1388 4189 seditionem
