3017 4759
720 70 729 97 t

245 232 468 345 nesromae
485 233 746 302 susurrum
764 241 907 306 σταται.
926 226 1112 311 ts-at.
1175 236 1245 311 τεο

140 395 189 459 ἐπ’
213 396 347 473 ἀσπίδος
367 393 519 478 βασιλεύς
542 396 575 463 ἐν
597 400 915 487 παλατιηνῬωμαιλον
935 404 1174 488 ἀναγορευέτω.
1191 407 1247 471 καί

141 494 176 559 τό
201 493 259 578 ἐαρ
279 499 314 561 ἐν
333 497 457 573 τούτοις
488 496 645 564 ἐτελεύτα.

227 599 292 659 Tati
315 599 351 660 δὲ
371 599 488 679 θέρους
505 591 565 684 η’δη
580 602 750 679 μεσοῦντος
772 602 871 686 πολλή
894 628 940 679 τις
959 600 1158 689 ἑκατέρωθεν
1181 595 1313 679 ari-26

142 701 195 773 θις
218 698 437 781 συνεκροτήθη
458 696 582 782 σπουδὴ
596 710 671 785 ,τοῖς
688 706 855 778 Λατίνοις
871 702 948 789 πρός
973 708 1164 771 διαποντίων
1187 730 1247 769 πο·
1287 758 1292 771 .

115 802 246 879 5λέμων
278 798 495 881 παρασκευάς.
552 796 661 879 οἱμὲν
691 801 752 886 γάρ
780 801 960 869 Κατελάνοι
992 808 1026 869 ἐκ
1053 829 1086 870 τε
1122 810 1245 873 οἰκείαν

140 897 317 981 χρημάτων
338 898 393 961 καί
415 889 460 962 ὧν
481 905 653 983 τηνικαῦτα
668 907 834 968 Βενεττκοί
853 907 1040 987 χαρίζονται
1061 912 1154 993 σφίσι
1175 932 1246 973 rar·
1310 940 1312 945 ’

140 995 317 1081 ταράττοντα
345 1001 484 1082 τριήρεις
518 997 721 1092 ὁπλίζουσιν.
765 1005 922 1069 εἰώθεσαν
962 1003 1023 1090 γάρ
1059 1011 1093 1070 ἐκ
1124 1010 1244 1073 πολλού

79 1139 88 1144 ,
142 1100 307 1162 Βενετικοί
327 1100 369 1162 δι’
397 1100 600 1182 ὀλιγανδρίαν
621 1106 696 1186 περί
718 1102 894 1187 χρημάτων
914 1099 998 1169 ἅπαν
1022 1108 1244 1171 ἐνδείκνυσθαι

142 1197 334 1278 σπούδασμα
356 1200 529 1282 συλλογήν,
552 1193 596 1266 ἀν
618 1205 707 1267 ἕνεκα
729 1208 785 1268 καί
813 1205 912 1268 πολλοὶ
932 1209 993 1271 τῶν
1015 1206 1244 1292 εύτελεστέρων
1331 1234 1332 1237 ’

97 1305 132 1361 10
142 1296 347 1384 ἀδικημάτων
368 1292 471 1365 incuti
493 1307 734 1388 παρατρέχαυσι
754 1329 787 1370 τε
815 1310 869 1369 καί
890 1310 1044 1391 φέρουσιν
1067 1304 1267 1389 ύπομένοτ-.

139 1422 189 1473 τες
211 1396 245 1463 ἐκ
264 1422 297 1463 τε
329 1397 503 1485 ὁμοφύλων
525 1408 579 1467 καί
600 1403 791 1489 ἀλλοφύλων
815 1408 913 1486 γενοόν
944 1406 1023 1489 ὁπέρ
1046 1432 1081 1489 γε
1107 1411 1165 1472 τού
1196 1406 1240 1491 μη

140 1498 219 1580 πρός
242 1501 397 1582 δημοσίας
416 1503 472 1565 καί
493 1502 685 1585 ὑπαιθρίους
705 1503 820 1587 ρὐἤναι
840 1506 960 1587 μάχας,
981 1508 1064 1591 μηδὲ
1084 1505 1244 1593 πρόφασιν

140 1600 355 1680 παρεισδύναί
373 1625 444 1663 τινα
480 1607 755 1685 συγκεχωρηκέναι
785 1603 905 1683 μεταξύ
931 1606 1167 1670 διακόπτουσαν
1186 1604 1244 1689 την

140 1700 204 1761 τοῖν
223 1699 256 1774 ἐξ
273 1700 428 1782 ἐμπορίας
451 1703 657 1783 παντοδαπῆς
679 1705 810 1785 ἐτησίων
832 1706 952 1785 κερδάυ
981 1702 1145 1789 συλλογήν.
1189 1707 1244 1769 κατ’

96 1790 241 1873 15ούτως
272 1793 526 1866 ἀεί.τούλαττον
558 1805 798 1885 συγχωροῦντες
835 1809 1026 1887 καρποῦνται
1054 1804 1087 1869 τό
1116 1810 1240 1886 μεῖζον,

141 1898 185 1974 ιὸς
205 1902 293 1982 γένος
312 1893 393 1964 εἶναι
416 1906 565 1967 Λατίνων
596 1902 709 1984 σχεδόν
734 1904 828 1969 ούδὲν
860 1900 877 1967 ὁ
899 1904 1053 1991 τοσαύτην
1070 1904 1137 1989 ἔχει
1157 1933 1243 1990 χρη-

139 1997 250 2079 μάτων
270 2003 416 2066 ἐντεύθεν
438 2005 619 2084 δαψίλειαν.
677 1997 753 2068 ὁταν
781 2007 810 2067 δ’
832 2009 877 2083 εἰς
907 2009 1037 2091 ἐμφανῆ
1056 2012 1305 2088 βιασθέντεςιι

141 2099 273 2165 ὁθενοῦν
294 2106 473 2167 καταστάσι
496 2102 553 2185 τὴν
573 2098 680 2188 μάχην
691 2157 701 2185 ,
724 2103 826 2180 εύθύς
849 2105 1027 2192 ἀφειδούοη
1040 2110 1139 2188 -χειρί
1157 2132 1242 2191 χρη-

139 2198 251 2280 μάτων
271 2201 465 2283 παμπόλλων
486 2204 639 2268 ω’ναόνται
655 2203 712 2280 τάς
732 2208 795 2269 τῶν
816 2204 1043 2287 ἀστυγειτόνων
1065 2216 1129 2281 τοῖς
1152 2209 1242 2292 ἀντι-

96 2298 254 2377 λθπόλοις
286 2300 412 2384 γνιόμας
434 2302 490 2366 καί
514 2296 582 2367 ὁσυι
607 2302 777 2386 περιόικοι,
808 2309 862 2370 καί
894 2303 989 2393 ῥᾷσθ’
1022 2302 1140 2372 οὸτωσί
1161 2300 1242 2392 πρός

139 2407 327 2484 συμμαχίαν
366 2408 576 2484 μεθέλκουσιν
606 2399 730 2467 ἐαυτιύν
760 2403 898 2480 ὁπόσους
930 2430 963 2470 τε
994 2405 1049 2471 καί
1085 2408 1169 2482 οἴους
1187 2394 1242 2472 ἀν

141 2504 291 2567 ἐθέλοιεν.
316 2509 371 2568 καί
391 2500 476 2568 ούτω
496 2506 661 2585 μεγίσταις
682 2497 704 2587 ἢ
725 2502 803 2570 κατά
828 2508 945 2581 πάντας
966 2499 1082 2582 ἀλλους
1105 2510 1167 2570 ταῖν
1187 2509 1241 2571 νύν

140 2602 318 2685 δυνάμεσιν
339 2608 586 2681 ναυστολούντες
606 2611 875 2692 κατατροποῦνται
895 2606 970 2683 τούς
992 2610 1163 2683 ἐναντίους.
1185 2606 1241 2673 τότ

109 2782 114 2788 .
142 2702 182 2791 δὴ
205 2707 348 2773 τοιοῦτον
366 2709 420 2773 καί
438 2709 501 2772 νύν
520 2704 637 2791 τρόπον
656 2706 855 2795 ᾠκειώσαντο
868 2714 928 2791 μὲν
945 2709 1125 2793 Ῥωμαίους
1147 2708 1242 2794 ἔχον-

144 2960 218 3015 fllius
238 2962 272 3014 de
289 2967 367 3014 scuto
385 2976 435 3014 rex
452 2961 602 3017 declaratus
622 2972 664 3017 est
691 2965 719 3016 in
741 2963 917 3016 Romanorum
936 2960 1046 3029 palatio.
1084 2970 1111 3014 et
1131 2975 1242 3015 vernum

141 3042 247 3121 qcmpus
266 3032 308 3088 his
325 3031 405 3084 rebus
424 3032 569 3085 absumtum
592 3043 641 3087 est.

241 3120 361 3173 Etestate
380 3122 430 3173 iam
448 3122 535 3176 media
554 3123 586 3174 ab
605 3132 717 3192 utraque
741 3132 817 3189 parte
838 3121 1012 3173 reconciliata
1030 3129 1071 3173 est
1088 3120 1239 3173 Latinorunr'

143 3194 176 3249 ad
194 3194 311 3260 paranda
330 3191 404 3245 bella
421 3191 529 3247 navalia
547 3197 694 3247 contentio.
730 3194 853 3248 Catelani
877 3195 946 3245 enim
965 3209 999 3245 ex
1020 3194 1077 3245 aius
1097 3193 1192 3260 opibus
1212 3200 1239 3245 et

144 3280 209 3334 quas
229 3264 326 3322 Veneti
346 3265 475 3331 praebent
496 3267 671 3336 quadraginta
689 3265 740 3316 sibi
766 3267 888 3317 triremes
907 3266 1048 3316 instruunt.
1086 3279 1240 3317 consueve-

142 3344 201 3387 rant
219 3339 288 3388 enim
309 3335 407 3387 Veneti
436 3340 585 3391 iamdudum
611 3338 646 3388 ob
673 3337 806 3388 hominum
831 3338 946 3403 inopiam
975 3351 1053 3387 omne
1080 3336 1193 3387 studium
1213 3336 1240 3387 in

143 3406 304 3475 colligendis
329 3408 424 3474 opibus
453 3425 564 3475 ponere.
611 3408 781 3477 quamobrem
802 3409 880 3459 etiam
899 3406 994 3459 multas
1026 3415 1052 3457 ct
1068 3409 1240 3475 gravissimas

143 3477 175 3527 ab
194 3480 249 3529 suis
269 3488 296 3530 ct
314 3480 466 3546 peregrinis
486 3481 610 3549 gentibus
629 3480 719 3531 illatas
746 3480 862 3530 iniurias.
877 3478 1019 3547 negligunt
1039 3486 1065 3529 et
1092 3478 1174 3529 facile
1197 3480 1239 3527 t'e.

141 3555 212 3611 runt,
231 3564 266 3600 nc
284 3552 312 3601 in
330 3550 402 3602 bella
421 3560 467 3603 aut
484 3554 630 3605 domestica
651 3559 696 3602 aut
718 3558 827 3602 externa
847 3550 1016 3601 traherentur
1034 3563 1122 3615 neque
1142 3563 1238 3599 causae

141 3618 343 3685 implicarentur
361 3637 429 3689 quac
449 3624 581 3675 uberrima
601 3624 683 3674 totius
702 3622 765 3673 anni
790 3622 887 3673 tributa
904 3622 1038 3687 perderet.
1076 3621 1166 3686 itaque
1185 3619 1237 3671 ho.

141 3689 225 3741 stibus
246 3693 300 3741 suis
319 3693 347 3743 vi
367 3696 471 3760 quidem
490 3695 650 3758 inferiores,
677 3694 765 3744 fructu
784 3701 871 3743 autem
894 3692 1057 3757 superiores,
1078 3698 1148 3741 suut.
1185 3706 1238 3742 ne..

141 3776 194 3828 quc
215 3760 271 3811 ulla
290 3759 334 3813 esi
347 3764 498 3817 Latinorum
518 3782 596 3834 gens,
615 3767 657 3816 cui
675 3772 747 3816 tantu
764 3765 798 3816 sit
817 3764 988 3830 pecuniarum
1009 3760 1158 3813 multitudo.
1195 3763 1237 3814 sin

140 3846 207 3883 vero
228 3833 256 3882 vi
276 3832 385 3901 quadam
407 3835 487 3901 plane
507 3845 639 3903 coguntur
654 3837 733 3887 armis
754 3836 926 3897 contendere,
946 3832 1073 3884 celeriter
1092 3832 1167 3901 larga
1186 3848 1237 3900 pa.

140 3904 277 3955 cuniarum
297 3905 493 3972 copiaanimos
513 3922 603 3958 eorum
621 3910 666 3975 qui
685 3908 799 3974 proximi
818 3905 938 3957 hostibus
956 3905 1146 3972 etquicunque
1167 3906 1237 3955 circa

141 3990 187 4027 eos
210 3974 313 4039 colunt,
336 3975 387 4025 sibi
411 3977 564 4028 conciliant.
602 3992 654 4045 quo
676 3993 768 4029 omnes
787 3978 818 4028 ad
838 3978 992 4028 societatem
1012 3991 1084 4027 suern
1104 3984 1238 4043 quotcun-

140 4062 191 4115 que
213 4054 239 4097 et
258 4062 432 4115 quoscunque
452 4047 547 4099 volunt
565 4049 645 4099 facile
662 4050 777 4100 trahunt.
814 4050 903 4116 itaque
922 4049 1042 4100 maximis
1061 4053 1167 4113 praeter
1190 4060 1239 4096 ce..

138 4126 211 4179 totos
231 4117 460 4197 ornnes-populos
481 4119 566 4193 copiis
590 4121 712 4173 instructi
732 4122 761 4173 in
782 4120 870 4192 fugam
889 4119 980 4173 hostes
999 4124 1167 4171 convertunt.
1189 4116 1239 4173 tali
