3017 4759
303 192 354 261 22
556 240 568 256 .
606 186 832 258 utoeunont
863 182 1093 251 eunom

304 356 390 418 οίσδε
423 349 463 417 τά
496 348 541 433 μὴ
572 349 678 413 τοιάδε
707 347 766 429 την
802 342 861 428 σην
887 341 985 425 α’κοην
1007 338 1208 422 α’πονναίειν,
1228 342 1284 405 καί
1304 347 1411 406 ταῦτα

303 457 359 519 νῦν
383 447 468 517 οὕτω
493 449 593 534 λάπης
614 446 738 531 ἔχοντος
762 440 883 530 άλλως,
913 437 965 507 ὅτε
985 442 1127 523 μάλιστα
1147 439 1273 504 πάντων
1295 434 1410 507 ἅπαντ’

305 557 408 621 ἐκεῖνα
431 550 558 635 μνήμης
585 548 710 634 άπάοης
735 539 851 611 ὄπισθε
882 548 1045 609 ποιεῖσθαι
1073 540 1131 605 oria
1163 535 1411 607 inrationali

306 658 363 719 καί
384 648 468 727 ὅπως
501 643 540 715 οδ
566 648 788 735 βεβούλημαι,
817 642 865 723 οἷς
889 645 1010 729 βάρους
1033 648 1215 709 ἐνέστακται
1245 641 1411 728 πρόφασις

305 755 451 821 ὁπωσοῦν
486 756 541 817 καί
572 750 717 816 ὁθενοῦν.
769 752 827 813 νῦν
853 751 883 812 δ’
912 744 1023 829 ἐπειδη
1054 745 1110 807 σοί
1134 768 1169 826 γε
1200 740 1438 827 τοῦδ’-ἥδιονὸ

307 857 429 947 ἐκείνου
452 856 557 940 πολλῷ
577 840 735 932 μανθάνω
757 853 872 929 δονεῖν,
896 842 1033 928 άσμενσς
1055 845 1142 930 ιιάγά
1164 843 1271 909 λοιπὸν
1292 846 1409 909 ου’τίιια

305 958 393 1038 μάλα
417 952 474 1037 τὴν
494 955 553 1037 σὴν
573 955 627 1035 τῆς
643 954 721 1035 ἐμῆς
743 948 983 1035 α’νθαιρῆσσμαι
1006 948 1173 1031 βούλησιν.
1215 950 1272 1010 καί
1290 948 1325 1011 τί
1343 947 1408 1030 γάρ

306 1050 383 1121 άλλο
405 1056 466 1121 τάν
491 1046 603 1139 ’,ἄλλων
629 1052 747 1132 δόξειεν
777 1044 820 1115 αδ
858 1050 1141 1131 εὐδαιμονέστερον
1170 1043 1276 1129 ἔμοιγε
1306 1048 1364 1111 νῦν
1389 1040 1409 1130 ἢ

305 1160 408 1237 σοίγε
430 1154 470 1218 τά
493 1156 626 1218 τοιαῦτα
650 1154 847 1236 χαρίζεσθαι
875 1154 936 1214 τοῖν
956 1144 1170 1233 διηγημάτων,
1192 1138 1238 1210 οἷν
1258 1149 1330 1228 ἐμοί
1348 1150 1409 1228 μὲν

306 1250 382 1343 ῥᾷον
405 1256 511 1335 ου’δέν,
531 1259 583 1317 σοι’
605 1256 640 1317 δέ
669 1258 792 1336 βέλτιον
818 1251 921 1317 ον’δίν.
1418 1264 1456 1317 10

269 1364 296 1417 4
406 1355 499 1420 Ἀλλά
518 1353 593 1437 Αγάρ
618 1352 634 1416 ά
668 1348 793 1436 ἐταΐρος
826 1352 903 1437 ἡμῖν
930 1349 1165 1434 Ἀγαθάγγελος
1190 1346 1340 1436 τοιαιῖτα
1348 1346 1410 1424 μὲν

306 1455 387 1539 ὑπὲρ
403 1446 448 1520 ὧν
463 1444 657 1539 σεσιάπηιιεν
673 1450 918 1535 α’πολελόγηται,
939 1455 1077 1514 τοιαῦτα
1088 1450 1124 1511 δέ
1144 1447 1226 1529 ὑπὲρ
1248 1436 1292 1510 ὧν
1305 1449 1411 1529 φθέγ-

306 1559 387 1635 ξαιτ’
409 1550 449 1621 άν
479 1558 524 1632 ιε”ς
551 1554 680 1621 τοάπιὸν
710 1558 765 1638 τῆς
795 1553 970 1637 διηγήσεως
1005 1530 1231 1632 ἐπηγγέλλετο,
1268 1549 1330 1610 τάν
1350 1548 1410 1627 μὲν

205 1680 210 1691 ’
308 1662 468 1742 προτέρων
502 1654 621 1740 σμικρά
652 1652 932 1736 ἐπαναλαμβάνειν
964 1651 1017 1716 διά
1052 1648 1088 1714 τά
1112 1642 1175 1732 ἤδη
1196 1651 1347 1731 εἰρῆσθαι
1365 1644 1408 1708 τά

307 1762 416 1838 πλείω,
438 1765 503 1831 τοῖς
533 1760 561 1821 δ’
586 1761 711 1822 ἐπιοῦσι
733 1758 797 1820 τάν
828 1753 1005 1836 α’ναγιιαίων
1030 1753 1146 1836 μηδὲνῇ-
1159 1748 1411 1831 ὑπισχνούμενος
1421 1762 1456 1815 15

306 1860 525 1940 παραλείπειν.
574 1860 717 1938 ἐντυχεῖν
740 1860 800 1937 μὲν
822 1848 879 1918 οὖν
907 1851 993 1937 ἐλεγε
1026 1852 1079 1917 καί
1099 1856 1164 1917 τάν
1185 1851 1410 1934 μερικωτέρων

307 1959 486 2026 ἐπισκόπων
520 1953 587 2023 ὅσοι
626 1959 698 2022 καθ’
728 1957 767 2032 ἐς
801 1957 898 2031 αιίτὸς
927 1952 1051 2043 περιῄει
1082 1952 1190 2034 ιιάμάς
1219 1951 1274 2015 καί
1301 1948 1410 2022 πόλεις
1503 1947 1506 2008 i

77 2125 89 2140 ,
182 2068 296 2127 bloba.
307 2060 478 2141 ἐτύγχανον
495 2051 593 2134 ὄντες,
609 2061 754 2141 ἐντυχεῖν
771 2060 807 2121 δέ
821 2059 846 2097 ”
854 2059 994 2137 μάλιστα
1006 2052 1044 2139 δη
1058 2049 1275 2137 πατριάρχαις
1289 2052 1409 2129 αιίτοῖς,
1504 2075 1505 2078 ’

308 2161 338 2223 Γ
338 2160 475 2247 ρηγορίηι
499 2182 532 2221 τε
559 2156 677 2244 δηλαδή
711 2161 754 2247 τρῖ
775 2157 1013 2241 Ἀλεξανδρείας
1042 2154 1096 2219 καί
1126 2154 1261 2242 Ἰγνατίιρ
1281 2152 1410 2217 Ἀντιο-
1505 2173 1507 2188 ·

307 2264 420 2341 χειάς,
443 2263 497 2322 καί
517 2262 612 2347 τρίτῳ
645 2256 677 2334 ὃς
697 2262 771 2343 πρίν
793 2253 813 2343 ἢ
839 2242 996 2340 Λάζαρον
1016 2261 1105 2339 τῆτες
1132 2258 1233 2319 ἐκεῖσε
1256 2256 1456 2339 σι’φίχδαι,λθ

309 2356 364 2423 τδν
387 2359 622 2443 ποτριαρχικδν
639 2357 866 2441 Ἱεροσολύμων
889 2361 990 2422 διεῖπε
1011 2353 1148 2440 θρόνον·
1170 2354 1204 2419 τὸ
1227 2356 1285 2440 γάρ
1306 2359 1410 2436 τοίγε
1506 2361 1508 2458 η

308 2450 408 2539 ὄνομα
432 2458 574 2544 ἐλελήθει
594 2485 637 2543 με
658 2465 715 2525 τοῦ
736 2457 863 2544 α’νδράς.
888 2457 1032 2543 ἐντυχεῖν
1058 2462 1087 2522 δ’
1109 2450 1167 2522 οὖν
1185 2458 1219 2522 ἐν
1240 2452 1411 2541 διαφόροις
1506 2461 1507 2494 ³

307 2764 383 2818 tione
402 2778 537 2832 exponere
558 2764 636 2817 valde
655 2765 758 2818 veritus
779 2765 838 2831 sim,
855 2764 1161 2817 nedinersarnmrernm
1179 2762 1411 2833 conglutinatione

308 2844 366 2888 tuas
387 2851 466 2887 aures
485 2836 668 2901 obtunsiorem,
1123 2836 1168 2887 nbi
1190 2851 1268 2903 quam
1285 2836 1410 2899 maximo,

309 2906 486 2976 quodcunque
505 2907 550 2960 vel
569 2908 694 2959 minimae
719 2906 860 2959 molestiae
884 2921 1044 2976 quacunque
1064 2925 1097 2959 ex
1115 2923 1195 2959 causa
1216 2906 1338 2958 officiens
1349 2922 1411 2958 esse

215 3016 219 3021 -
309 2974 410 3047 posset,
429 2978 456 3030 id
476 2979 508 3030 ab
528 2979 598 3031 omni
620 2979 872 3030 commemoratione
890 2981 1035 3047 seiungere
1053 2994 1107 3030 uon
1127 2980 1201 3046 potui
1219 2994 1274 3029 uon
1293 2979 1321 3028 in
1346 2979 1410 3028 ani.

306 3066 376 3101 mum
396 3050 532 3102 iuducere.
569 3066 640 3102 nuno
659 3064 724 3101 vero
744 3066 823 3118 quum
842 3050 891 3103 tibi
909 3050 992 3101 multo
1012 3051 1112 3118 gratius
1132 3050 1181 3101 hac
1201 3051 1321 3119 ratione,
1333 3064 1410 3116 quam

312 3118 368 3183 illa,
389 3126 576 3183 res‘enarrare
596 3121 682 3171 videri
702 3123 889 3188 cognoverim,
909 3120 1033 3172 lubenter
1051 3120 1335 3172 iamtuumconsilium
1348 3134 1409 3171 meo

309 3196 476 3255 anteponam.
521 3192 583 3258 quid
610 3194 678 3241 enim
707 3190 780 3241 alind
798 3192 864 3242 mihi
889 3208 960 3242 nuno
987 3194 1165 3258 praestantius
1191 3192 1277 3243 videri
1303 3198 1408 3257 potest,

309 3275 387 3381 quhaqr
406 3260 474 3381 talles
494 3261 541 3311 tibi
561 3262 727 3313 narrationes
746 3276 910 3328 proponere,
931 3264 1026 3331 quibus
1044 3262 1113 3314 nihil
1134 3262 1198 3313 mihi
1217 3262 1339 3326 facilins,
1359 3262 1409 3312 tibi

306 3330 364 3381 nii
394 3344 435 3380 me
450 3330 490 3382 ius
511 3337 559 3382 ost.

407 3426 479 3477 llaec
499 3427 581 3495 igitur
600 3424 773 3497 posteaquam
790 3429 995 3499 Agathangelus
1023 3431 1122 3481 amicus
1149 3430 1182 3481 de
1202 3416 1254 3495 iis,
1282 3444 1351 3498 qnae
1368 3429 1408 3481 si.

307 3496 392 3551 lentio
406 3497 555 3561 transisset,
576 3500 608 3549 ad
627 3514 699 3551 suam
720 3500 902 3553 defensionem
922 3502 1034 3570 protulit
1045 3538 1053 3567 ,
1064 3502 1097 3553 de
1115 3501 1148 3552 iis
1168 3516 1237 3568 quae
1255 3500 1408 3568 insequenti

306 3570 461 3621 narratione
481 3566 613 3621 relaturus
634 3579 721 3634 esset,
741 3572 880 3637 prolessns
899 3581 955 3637 est,
982 3589 1012 3625 εε
1031 3588 1116 3639 pauca
1136 3580 1235 3624 tantum
1256 3588 1289 3623 ex
1307 3572 1408 3639 priori.

306 3641 355 3693 bus
375 3648 547 3705 recepturum
567 3656 627 3692 esse
646 3650 789 3709 propteroa
809 3646 878 3711 quod
897 3647 1025 3697 maiorem
1046 3652 1146 3711 partem
1166 3645 1217 3694 iam
1229 3644 1408 3709 exposuisset,

307 3710 403 3763 deinde
425 3724 490 3761 vero
509 3708 587 3775 nihil,
614 3714 684 3780 quod
711 3717 891 3771 necessarium
921 3724 1013 3780 esset,
1038 3731 1069 3766 se
1092 3716 1251 3767 omissurum
1275 3716 1407 3780 promisit.

307 3781 468 3832 convenisse
491 3782 572 3849 igitur
592 3799 621 3833 se
649 3782 754 3835 dicebat
772 3795 882 3851 praeter
899 3786 1075 3853 particulares
1098 3788 1262 3852 episcopos,
1288 3801 1354 3853 qnos
1380 3788 1410 3837 in

306 3850 420 3919 singulis
432 3852 498 3902 vicis
520 3852 683 3925 urbibusque
703 3854 867 3922 offendisset,
886 3858 1043 3924 praesertim
1053 3858 1126 3922 ipsos
1148 3855 1322 3923 patriarchas,
1340 3856 1409 3916 Gre-

308 3924 422 3992 gorium,
443 3923 618 3988 patriarcham
637 3926 832 3993 Alexandriae,
852 3929 982 3997 ignatium
1001 3927 1180 3992 Antioohiae,
1199 3928 1307 3979 tertium
1328 3944 1408 3991 eum,

310 3994 356 4064 qui
373 3992 572 4059 Hierosolymis
591 3997 799 4062 patriarchicum
818 3999 914 4054 solium
934 3998 1049 4050 obtinuit
1066 3999 1277 4063 antchonarum,
1300 4000 1345 4067 qui
1357 3996 1408 4049 hoc

311 4076 380 4119 anuo
400 4076 432 4119 eo
454 4064 546 4129 renim
564 4078 660 4121 nomen
673 4067 823 4141 autemvlri
843 4086 885 4121 mc
903 4068 980 4137 lnqit.
1001 4070 1161 4122 convenisse
1179 4086 1209 4123 se
1228 4069 1410 4139 igituruium
