3017 4759
298 219 371 293 396
613 232 834 300 nrcssrfloar
868 233 1098 301 careotas

291 393 385 460 ταυτί
405 392 460 458 καί
489 401 693 479 μακροτέρων
721 402 826 485 πολλῷ
854 400 916 460 τών
937 401 1077 481 ἐλέγχων
1109 388 1129 482 ἢ
1150 404 1220 461 κατ’
1245 400 1408 474 ἐκείνους.

215 505 279 590 '⁸2
291 497 419 568 ἐκείνοις
439 498 498 574 μὲν
520 493 579 578 γὰρ
603 491 672 571 ἓνὸς
704 503 835 561 τουτουί
865 502 920 562 καί
938 500 1123 577 μονοειδοῦς
1152 499 1345 563 σκανδάλου
1370 498 1406 562 τῦ

290 598 421 677 πρῦγμα
443 601 550 679 γέγονε
573 593 745 682 πρόφασις,
769 601 810 662 δι’
833 596 987 681 ἦν’κακώς
1001 602 1048 685 ’τῷ
1069 602 1154 687 καλῷ
1175 623 1407 682 προσκεκρου-

289 694 374 768 κότες
396 700 450 779 τῆς
474 699 627 781 α’ληθείας
659 692 781 775 ἑκόντες
813 698 1020 785 ἐξώσθησαν,
1050 698 1133 781 πρῦς
1164 703 1407 783 είκονομαχίαν

289 795 408 884 ῥηιδίως
429 801 674 874 ἐκκυλισθέντες.
719 790 805 864 οὗτοι
829 803 858 864 δ’
886 801 923 863 οῦ
944 802 1041 882 μόνον
1062 799 1163 881 μόνου
1186 803 1244 864 τοῦ
1266 797 1430 874 ποτ’θουςὸ

288 899 407 962 ἐκείνου
425 902 578 981 μετέσχον
592 925 624 964 τε
640 895 707 981 ἅμα
723 905 777 964 καί
797 899 987 985 ῦπερὲσχον,
1007 901 1050 976 ώς
1069 901 1205 985 εἴρηται,
1230 902 1318 965 οἷλλοὶ
1344 902 1406 963 καί

288 1001 400 1062 κακιάν
423 991 519 1084 ῦλλην
550 1003 602 1066 ἐπί
633 1007 724 1091 κονίη
752 1003 1126 1086 προσεπεδαψιλεῦσαντο
1154 1003 1313 1083 πολυειδῆ
1345 1001 1407 1065 καί

289 1097 505 1185 πολύμορφον.
551 1103 620 1166 τίνα
641 1102 678 1186 δίη
701 1105 839 1188 ταῦτην;
861 1102 918 1185 τὴν
939 1107 1004 1167 τών
1024 1107 1169 1193 Ειίχιτών
1191 1099 1318 1186 δηλαδὴ
1343 1109 1405 1166 καί

289 1203 535 1286 Μασαλιανών,
568 1196 611 1268 οῦν
631 1203 666 1269 τῦ
689 1207 743 1288 τῆς
764 1205 888 1289 γνώμης
910 1203 1035 1288 σαθρὸν
1061 1203 1115 1268 καί
1144 1203 1401 1288 ἀμφισβητήσι-

286 1321 346 1380 μον
369 1305 424 1366 καί
443 1298 510 1383 ἅμα
534 1303 568 1369 τὸ
590 1309 647 1388 τῆς
668 1307 801 1379 πίστεως
824 1299 955 1370 ῦπιστον
975 1303 1005 1368 οἱ
1028 1309 1111 1368 θεῖοι
1136 1305 1190 1386 τῆς
1212 1301 1401 1388 ,ἐκκλησίας
1413 1316 1443 1368 to

286 1400 473 1468 διδάσκαλοι
498 1405 595 1471 πάλαι
627 1391 853 1489 κατεγνωκότες
875 1407 957 1491 ἡμᾶς
991 1407 1170 1487 α’τιέχεσθοι
1198 1406 1402 1488 παρηγγυή-

285 1529 390 1570 σοιντο.
444 1505 564 1571 τούτων
592 1507 654 1591 γῦρ
686 1507 718 1571 οἳ
741 1513 801 1588 μὲν
833 1510 960 1596 α’σὲμνιρ
991 1509 1132 1594 λογισμῷ
1162 1509 1217 1568 καί
1249 1505 1401 1589 γλώττης

280 1598 420 1697 οἷκρασίρι
461 1607 562 1690 ον’τὴν
600 1607 679 1692 δρῦν
714 1613 799 1694 φασί
827 1612 884 1673 τοῦ
913 1611 993 1672 θεοῦ
1024 1605 1079 1690 τήν
1114 1601 1246 1685 οῦσιάν,
1280 1607 1401 1680 αὐτοῖς

284 1705 461 1787 ὁμιλοῦσαν
504 1711 630 1788 α’μέσως
669 1707 735 1791 ῦμα
768 1710 822 1774 καί
864 1711 925 1792 οιῖχ
961 1707 998 1774 δν
1034 1714 1135 1792 ἐκείνη
1178 1706 1299 1790 τρόπον
1342 1707 1404 1770 καί

285 1801 334 1872 ὅτε
362 1806 530 1891 βούλεται,
563 1811 632 1874 ἀλλ’
665 1807 701 1874 δν
731 1810 840 1875 ου’τοί·
885 1809 917 1874 οἲ
945 1815 978 1877 δὲ
1004 1810 1038 1874 τῦ
1068 1813 1124 1892 τῆς
1154 1812 1247 1885 θειάς
1275 1809 1402 1886 οῦσίας
1413 1824 1441 1875 15

283 1909 404 1973 ἁπλοῦν
424 1934 458 1974 τε
480 1909 534 1974 καί
552 1907 649 1991 μόνον
679 1905 825 1976 ῦκτιστον
855 1907 1046 1986 ἀθετοῦντες
1073 1907 1273 1974 παντάπασιν
1297 1912 1402 1975 α’τιεί-

216 2021 272 2073 u
284 2032 353 2089 ροις
366 2034 398 2074 τε
413 2009 579 2096 διαφόροις
594 2011 743 2099 θεότησιν
762 2013 917 2088 οἰκτίστοις
933 2015 1188 2092 κατατίμνοοσιν.
1209 2014 1265 2075 καί
1276 2016 1401 2076 σιωπώ

282 2109 342 2185 τώς
365 2112 537 2191 α’θεμίτους
568 2119 622 2178 καί
651 2116 872 2194 δαιμονιώδεις
893 2112 1023 2195 πράξεις
1055 2115 1162 2176 ου’τών
1181 2110 1245 2174 ’διοῖ
1269 2135 1308 2195 γε
1334 2111 1400 2193 δη-

282 2233 344 2274 τιου
367 2212 402 2276 τὸ
433 2213 476 2296 μη
503 2207 552 2276 ῦτι
584 2213 706 2301 γλώττῃ
728 2237 764 2296 γε
799 2217 991 2298 προφέρειν,
1023 2210 1104 2276 α’λλιὶ
1136 2215 1191 2274 καί
1209 2215 1293 2299 ψιλῇ
1327 2215 1399 2276 τινί

282 2311 403 2400 ε’πινοίηι
423 2317 607 2396 μεμνῆσθαι
639 2320 710 2379 λίαν
734 2312 887 2397 αἰσχρόν·
940 2317 1060 2378 λεκτέον
1082 2314 1118 2376 δ’
1153 2307 1236 2390 ὅμως
1262 2309 1303 2376 τώ
1333 2314 1440 2378 rodco

282 2415 373 2476 θειου
399 2415 555 2495 Μαξίμου
578 2417 653 2496 περί
678 2415 783 2480 αῦτών
806 2419 968 2498 εἰρημένα,
992 2415 1201 2496 ἐξηγουμένου
1223 2409 1278 2474 τὸν
1299 2409 1397 2494 ἱερὸν

226 2551 229 2558 1
283 2513 463 2579 Διονύσιον.
508 2513 589 2599 φησί
612 2511 673 2600 γὰρ
693 2513 741 2579 ὅτι
771 2517 910 2598 τριετίαν
930 2513 1030 2595 μόνον
1052 2506 1157 2597 ῦκρως
1178 2506 1395 2594 α’σνησαντες,

353 2701 396 2753 22.
415 2703 552 2773 Μαξίμου
575 2703 606 2756 ἐκ
624 2705 670 2768 τῆς
689 2705 727 2764 είς
756 2701 805 2757 τὸν
834 2701 918 2774 ἅγιον
943 2703 1101 2758 Διονύσιον
1127 2701 1279 2774 ἑρμηνείας
1299 2701 1335 2754 ἐν
1357 2702 1394 2770 τῇ

353 2777 462 2844 θεωρίᾳ
479 2774 529 2826 τοῦ
547 2778 703 2846 μυστηρίου
720 2777 769 2837 τῆς
785 2774 944 2848 μοναχικῆς
961 2767 1138 2832 τελειώσεως.

283 2919 327 2986 pic
349 2916 443 2984 pulcra
462 2915 628 2972 offenderent
658 2926 685 2970 et
708 2935 732 2970 a·
746 2919 864 2971 veritate
888 2926 986 2985 sponte
1006 2919 1167 2971 recederent
1189 2916 1221 2968 ad
1242 2915 1394 2968 simulacra

284 2990 424 3042 evertendi
442 2991 556 3041 studium
575 2991 685 3042 redacti.
724 2990 751 3041 hi
770 3004 836 3042 vcro
854 3005 910 3044 non
926 2989 1012 3041 solum
1032 3006 1092 3041 cum
1109 2989 1160 3040 hac
1178 3004 1208 3040 rc
1227 2988 1392 3040 societatem

284 3061 406 3112 iecerunt
426 3068 452 3112 et
473 3069 503 3111 ut
520 3062 617 3112 dictum
638 3068 678 3114 est
696 3061 756 3128 plus
776 3069 964 3128 perpetrarem
982 3062 1028 3113 sed
1041 3059 1184 3112 etiamalio
1199 3059 1277 3112 modo
1298 3075 1392 3126 quan·

282 3140 337 3183 tum
356 3133 413 3184 fieri
434 3133 521 3196 potuit
541 3141 719 3184 exercuerunt
737 3134 899 3199 impietatem
918 3147 991 3184 suam
1015 3132 1214 3185 multiformem.
1252 3131 1318 3198 quid
1337 3145 1391 3180 au.

281 3211 335 3254 tem
354 3201 481 3253 Euchitas
516 3210 543 3252 et
562 3203 734 3256 Massalianos
760 3219 980 3267 commemorem,
1010 3219 1120 3271 quorum
1142 3204 1284 3269 opiniones
1304 3199 1391 3252 falsas

283 3281 310 3325 ct
328 3272 465 3340 ambiguas
484 3272 686 3342 haereticasque
716 3276 800 3327 sancti
823 3275 957 3327 eeclesiae
982 3283 1072 3342 patres
1092 3273 1156 3326 olim
1177 3273 1392 3324 condemnarunt

283 3350 310 3395 et
328 3359 343 3394 a
362 3344 458 3410 quibus
486 3344 664 3398 abstineamus
693 3361 742 3398 nos
762 3346 866 3398 volunt.
904 3361 1016 3414 quorum
1044 3347 1072 3396 hi
1100 3346 1210 3412 indigna
1235 3343 1390 3395 ratiocina-

281 3417 356 3490 tione
377 3423 403 3466 ct
431 3414 539 3482 linguae
564 3418 673 3482 ineptiis
702 3419 785 3484 ipsam
809 3434 839 3468 se
865 3417 958 3470 videre
984 3417 1148 3469 contendunt
1173 3417 1218 3466 dci
1239 3415 1390 3466 essentiam

281 3503 351 3556 quae
372 3487 478 3538 adesset
497 3487 562 3554 ipsis
577 3488 694 3539 nullate
705 3489 888 3540 intercedente
906 3489 987 3556 idque
998 3503 1052 3539 non
1068 3487 1211 3556 quomodo
1233 3492 1261 3535 et
1278 3485 1389 3552 quando

282 3559 348 3610 haec
369 3557 463 3622 veliet,
482 3560 533 3611 sed
552 3567 582 3612 ut
607 3560 658 3625 ipsi
677 3559 791 3611 velient.
835 3559 876 3611 ilii
901 3567 988 3610 autem
1007 3561 1124 3611 divinam
1154 3558 1297 3609 essentiam
1320 3557 1391 3606 sim.

281 3629 379 3698 plicem
402 3637 429 3680 et
454 3645 532 3682 unam
560 3638 586 3680 ct
612 3629 695 3681 solam
726 3632 871 3682 increatam
896 3639 1060 3698 agnoscunt3
1088 3631 1136 3681 sed
1160 3631 1188 3679 in
1212 3628 1332 3679 infinitas
1362 3635 1391 3679 et

282 3703 374 3752 uarias
390 3701 503 3754 deitates
529 3701 662 3753 increatas
691 3717 747 3752 cam
772 3700 931 3752 dissolvunt.
977 3702 1049 3752 iaces
1079 3701 1172 3752 horum
1191 3698 1341 3750 insolentia
1363 3707 1391 3749 et

280 3773 386 3826 notaria
404 3771 524 3822 facinora
552 3788 620 3840 quae
646 3771 739 3841 lingua
758 3773 880 3839 proierre
905 3773 984 3824 ctiam
1004 3787 1058 3824 uno
1079 3780 1178 3828 tantum
1198 3769 1283 3822 serbo
1302 3771 1391 3820 attin.

282 3857 348 3911 gero
367 3843 547 3908 turpissimum
570 3851 619 3894 est.
647 3846 694 3894 scd
712 3844 848 3895 recitanda
867 3844 900 3895 de
920 3843 961 3895 his
981 3851 1043 3895 sunt
1060 3844 1147 3894 sancti
1165 3840 1286 3908 diaximii
1303 3841 1390 3891 verba

282 3927 350 3981 quae
371 3911 436 3962 fecit
463 3914 491 3961 in
519 3914 747 3980 interpretatione
765 3916 797 3965 ad
818 3922 936 3965 sanctum
965 3915 1133 3980 Dionysium.
1163 3914 1229 3964 dicit
1248 3911 1320 3962 enim
1341 3927 1389 3962 cos

282 3991 423 4051 postquam
442 3998 490 4049 per
514 3991 568 4034 tres
594 3999 677 4036 annos
707 4000 787 4052 supra
813 3986 916 4036 modum
944 3987 1085 4039 asceticam
1109 3985 1191 4036 vitam
1219 3983 1390 4049 exegissent,

286 4063 427 4121 tantopere
447 4069 494 4120 per
513 4053 645 4121 reliquum
665 4057 739 4109 vitae
761 4063 864 4121 tempus
882 4056 1064 4112 indifferentes
1079 4072 1140 4108 esse
1158 4062 1187 4106 ut
1203 4055 1263 4104 sinc
1284 4056 1391 4118 pudore

286 4127 463 4195 quodcunque
482 4124 571 4177 scelus
588 4127 766 4192 admitterent,
784 4134 814 4177 ut
830 4135 960 4193 stuprum,
981 4126 1095 4191 veneris
1103 4127 1274 4194 cupiditates,
1293 4124 1390 4178 edaci-
