3017 4759
343 258 418 332 388
643 259 871 330 NiOEPiiOlil
899 261 1129 328 utimum

342 428 431 489 θετον
455 427 574 489 ἐκεῖνον
605 425 661 486 καί
687 423 853 508 πάνσοφον
882 414 984 504 άνδρα
1018 419 1034 484 δ
1072 427 1213 505 γενναῖος
1247 422 1370 494 ἐκεῖνος
1407 420 1462 484 καί

342 521 517 608 δμότροπος
539 520 680 606 άθλητής
697 521 772 588 “eds
797 526 901 587 τίτλον
921 530 977 605 τῆς
998 525 1056 606 οής
1078 515 1183 603 ὄψεως
1205 517 1323 585 ἰδόντα
1344 545 1461 602 παρα-

342 634 449 709 χωρεῖ
465 622 504 688 τά
525 628 683 717 χεροοβίμ
705 626 765 687 τοῦ
788 621 883 702 ’ξάλοο
909 625 965 705 τής
987 625 1082 704 ζωής,
1106 621 1125 705 ή
1149 624 1184 686 δὲ
1207 625 1350 706 φλογίνη
1373 619 1457 706 ῥομ-

343 729 427 812 φαία
448 727 591 806 εδλαβιός
615 724 653 788 τά
676 724 760 790 νῶτά
784 748 835 788 σοι
858 726 989 803 δίδωσι,
1012 721 1156 808 πάνοσφο
1179 721 1369 806 Θεόδωρε.”
1405 725 1459 787 καί

342 826 440 892 πάλιν
455 825 494 890 “o‘
517 829 617 902 τίτλος
638 824 739 891 πάλαι
761 828 819 907 μὲν
840 829 878 912 τῇ
899 827 1025 914 κορυφῇ
1048 828 1188 890 ἐπέκειτο
1209 825 1268 888 τοῦ
1288 827 1476 904 βασιλέαςδ

343 930 508 1013 Χριστοῦ,
537 925 787 1011 ἐγγεγραμμένος
808 924 890 1016 ξύλῳ
914 930 972 990 τοῦ
991 927 1156 1010 σταυροῦ·
1203 923 1219 990 ὃ
1241 926 1278 988 δὲ
1300 926 1363 999 σὸς
1389 926 1457 988 τίτ-

341 1035 405 1110 λος,
426 1028 588 1114 πάνσοφε,
609 1032 648 1114 τῇ
680 1031 720 1114 σῇ
741 1030 932 1092 κεκόλασται
954 1031 1188 1111 κεχαραγμένος
1217 1022 1294 1110 ὄψει
1322 1027 1455 1091 εὐκλεὲ-

340 1131 479 1213 οτερον.”
529 1128 585 1194 καί
612 1125 707 1192 πάλιν
734 1117 903 1210 “δψιοθει’ς
925 1131 979 1194 ἐπί
1001 1130 1142 1212 σταυροῦ
1176 1125 1277 1192 πάλαι
1301 1117 1483 1212 Χριστὸς

340 1228 492 1317 ίκεντήθη
512 1231 569 1314 τήν
590 1227 748 1314 πλευράν·
792 1227 833 1294 σύ
857 1231 892 1294 δὲ
914 1230 1019 1304 τεθείς
1041 1231 1076 1293 ἐν
1096 1227 1177 1317 {diupi
1200 1232 1373 1313 καρτερῶς
1399 1227 1455 1302 τάς

341 1329 500 1414 κεντήσεις
518 1331 697 1414 ὑπέμεινας,
720 1326 825 1413 ὥσπερ
850 1329 936 1414 κριός
959 1335 1122 1416 ἐπίσημος,
1143 1327 1336 1412 ἱερομάστα,
1362 1335 1483 1414 σφα-10

276 1454 329 1507 21
341 1432 537 1517 γιζάμενος.”
580 1434 642 1515 ἐγώ
663 1434 699 1496 δὲ
712 1429 884 1512 πάμπολλα
902 1433 1004 1514 λέγειν
1023 1429 1106 1513 ἔχων
1125 1434 1256 1497 τοιαῦτα
1274 1430 1335 1494 καί
1348 1434 1453 1512 μείζω

341 1533 476 1616 τούτων,
497 1534 537 1598 οδ
556 1527 715 1616 βοάλομοι
737 1541 803 1607 τοῖς
829 1535 956 1596 α’κοάειν
980 1526 1093 1614 ἥκιστα
1114 1537 1325 1615 βουλομένοις
1349 1535 1453 1595 δοκεῖν

343 1636 508 1720 ἐπαχθής·
535 1626 580 1709 οἷς
601 1632 664 1717 γάρ
686 1633 722 1698 τά
744 1635 864 1717 άρκοῦν
882 1633 938 1696 urin
962 1633 1065 1717 α’ρκεῖ,
1085 1631 1211 1707 τούτοις
1233 1635 1371 1717 α’ρκὲσει
1393 1636 1453 1696 τάν

343 1735 470 1800 πάντων
491 1738 594 1813 οὐδέν,
617 1736 684 1798 uv‘d’
708 1727 750 1798 άν
774 1731 807 1796 εἴ
823 1758 869 1808 τις
892 1732 1022 1817 νικήσας
1044 1732 1102 1818 τήν
1116 1735 1327 1818 α’νθροοπίνην
1354 1738 1454 1821 φύσιν

341 1835 506 1919 βροντάδη
529 1837 715 1920 φθέγγηται.
759 1828 839 1897 ὅπου
860 1831 921 1918 γάρ
944 1834 1099 1900 τοσούτων
1122 1833 1200 1916 ὑπὲρ
1225 1833 1335 1899 αὐτοῦ
1349 1835 1483 1919 βοάν-15

343 1962 404 2003 τιον
425 1933 479 1998 διά
504 1934 607 2022 πάσης
627 1938 683 2018 τῆς
703 1940 889 2020 οἰκουμένης
911 1934 972 2000 α’νά
994 1935 1138 2012 πάνέτος
1153 1939 1206 2000 καί
1219 1937 1349 2019 χρόνου
1373 1963 1454 2002 παν-

342 2037 397 2112 τὸς
417 2039 585 2120 περίοδον,
612 2043 668 2102 καί
703 2035 739 2100 δν
763 2037 887 2102 οὑτωσί
908 2062 975 2113 πιος
1008 2036 1164 2119 ὑμνοῦσιν
1196 2032 1373 2118 ἅνθρωποι
1396 2041 1453 2118 μὲν

344 2138 407 2202 α’πό
426 2141 482 2222 γῆς
504 2138 560 2202 καί
580 2138 745 2225 θαλάσσης
767 2139 824 2203 καί
842 2141 943 2224 πάσης
964 2135 1043 2226 ἑῴας
1067 2143 1121 2203 καί
1141 2133 1291 2220 ἑσπερίου
1320 2135 1452 2221 λήξεως,

343 2239 399 2303 καί
423 2231 449 2327 ᾧ
469 2238 507 2304 τά
529 2241 582 2304 διά
609 2243 750 2324 Χριστὸν
780 2241 859 2323 ὑπὲρ
897 2239 1061 2324 εὐσεβείας
1093 2240 1248 2324 στίγματα
1273 2237 1307 2304 τά
1328 2265 1454 2322 γερου-

344 2343 404 2422 βίμ
425 2341 575 2405 αἰδεσθὲν
592 2346 648 2406 τοῦ
665 2341 761 2421 §dieu
779 2351 975 2426 παραχωρεῖ
986 2341 1041 2425 τής
1055 2344 1149 2424 ζωῆς,
1176 2343 1230 2404 καί
1251 2331 1276 2430 ᾧ
1299 2340 1345 2404 τά
1370 2343 1481 2406 vuenti

345 2443 478 2506 δίδωσιν
498 2441 517 2525 ή
541 2445 673 2527 φλογίνη
694 2439 854 2528 ῥομφαία,
882 2446 990 2510 τοῦτον
1011 2443 1069 2506 οδκ
1091 2445 1208 2507 εἰδέναι
1229 2445 1333 2528 φησίν
1356 2442 1374 2506 d
1398 2469 1453 2508 τα-

346 2547 508 2626 λαίπωρος
529 2543 648 2624 edredi,
675 2547 724 2618 τίς
752 2536 791 2608 άν
821 2548 938 2629 γένοιτο
962 2543 1089 2629 μηχανή
1123 2545 1179 2627 τής
1201 2541 1379 2627 ἀμηχάνου
1403 2549 1454 2608 καί

277 2663 334 2719 n
345 2646 470 2727 λιθίνης
505 2643 612 2708 adsue*
642 2647 841 2711 καθικέσθαι
865 2646 975 2730 ψυχῆς
1000 2648 1175 2730 δοναμὲνη;
1204 2646 1278 2726 ε’μοί
1302 2645 1369 2728 μὲν
1398 2638 1452 2710 οδε

345 2960 372 3004 et
389 2950 586 3018 sapientissimo
606 2951 665 3002 viro
684 2947 735 3002 iiio
766 2949 844 3002 tortis
861 2949 906 3002 hie
926 2958 953 3002 et
971 2949 1110 3004 unanimus
1138 2949 1196 3002 eins
1214 2948 1340 3002 lehunum
1360 2953 1447 3004 secius

343 3022 479 3092 loquitur:
507 3020 633 3074 “titulum
662 3022 742 3073 ineiei
772 3030 834 3074 tune
851 3023 1004 3075 anteferunt
1031 3019 1167 3073 cherubim
1197 3019 1273 3089 ligne
1300 3022 1395 3086 vitae,
1425 3031 1448 3074 et

345 3096 417 3146 ensis
442 3093 578 3146 insumens
605 3094 654 3145 tibi
673 3107 727 3144 nun
748 3092 935 3162 destringitur,
961 3092 1099 3162 praeclare
1125 3091 1293 3143 Theodere.”
1341 3110 1445 3146 rursus:

345 3165 459 3217 “titulus
478 3164 542 3216 oiim
570 3173 747 3232 suprr‘cuput
772 3173 830 3216 erut
848 3165 946 3216 domini
966 3164 1065 3218 Christi
1085 3164 1228 3230 inscriptus
1255 3163 1336 3231 ligno
1352 3167 1445 3216 erneis.

342 3246 405 3289 tuus
423 3243 511 3286 nutem
528 3235 639 3301 titulus,
658 3235 815 3303 pteeeinre‚
842 3233 940 3288 clarior
965 3236 1107 3302 inscriptus
1135 3243 1176 3286 est
1195 3235 1274 3285 ieciei
1293 3242 1361 3287 tune
1380 3235 1445 3289 dilt-

345 3306 481 3358 cernue.”
510 3323 619 3359 rursus:
640 3315 767 3359 “erectus
787 3309 814 3358 in
833 3322 913 3360 cruce
928 3306 991 3357 olim
1011 3306 1131 3359 Christus
1152 3307 1178 3357 iu
1197 3305 1284 3358 intere
1302 3321 1445 3372 percursus

345 3385 401 3428 est:
414 3385 443 3428 tu
452 3384 577 3428 extensus
589 3379 618 3430 in
629 3376 703 3447 ligno
719 3380 907 3445 percussiones
921 3378 1025 3429 fortiter
1039 3392 1130 3444 puseus
1144 3393 1173 3430 es
1191 3377 1267 3428 vetut
1280 3385 1376 3430 nurus
1390 3381 1446 3430 ric.

343 3450 408 3501 timu
426 3465 442 3504 ο
460 3449 582 3501 sacrifico
595 3451 752 3501 muctutu9.”
776 3451 822 3502 sed
839 3451 903 3502 sutis
919 3449 1000 3502 haee:
1021 3464 1072 3516 ego
1091 3449 1240 3500 huiusmodi
1258 3448 1313 3499 ulie
1326 3451 1412 3502 multa
1424 3457 1446 3500 et

343 3521 422 3588 plura
441 3521 532 3574 dicere
551 3535 657 3589 pureum
675 3522 722 3572 sed
738 3521 803 3572 nolo
823 3520 977 3574 neeuribns
996 3535 1049 3574 non
1071 3518 1183 3587 amplius
1201 3520 1294 3572 audire
1309 3523 1446 3588 cupienti·

343 3593 393 3645 bus
403 3593 531 3644 molestus
544 3595 602 3644 sim.
621 3592 716 3660 quibus
733 3601 822 3644 eutem
833 3592 899 3645 haec
913 3607 982 3660 quae
998 3592 1063 3644 satis
1078 3599 1149 3655 suut,
1166 3606 1220 3642 uun
1235 3592 1299 3644 setis
1314 3601 1389 3656 sunt,
1411 3593 1445 3644 his

343 3665 414 3716 nihil
434 3664 621 3716 omninesatis
640 3671 695 3728 est,
726 3665 804 3715 etium
831 3665 854 3715 si
880 3666 939 3732 quis
966 3664 1036 3730 quud
1058 3678 1136 3729 supra
1166 3663 1238 3714 vires
1259 3663 1391 3716 humanus
1411 3671 1447 3714 est

343 3737 461 3788 tonitrua
480 3737 550 3787 edet.
588 3751 668 3802 quum
699 3737 770 3785 euim
797 3737 871 3786 cuins
897 3750 941 3786 res
969 3743 1059 3798 tuntee
1085 3734 1271 3801 praedicantur
1300 3750 1352 3802 per
1370 3743 1445 3786 interr

344 3807 487 3858 ecclesium
507 3808 533 3857 in
553 3805 676 3876 singulos
704 3821 787 3858 annos
807 3815 834 3858 et
852 3815 988 3873 tempore,
1007 3820 1084 3874 quern
1103 3806 1143 3857 tie
1167 3813 1264 3872 gentes
1284 3816 1446 3858 venerentur

343 3893 393 3944 per
413 3893 485 3928 mure
504 3893 536 3928 ea
555 3878 736 3928 continentem
753 3878 787 3929 ab
808 3878 874 3930 solis
894 3886 954 3930 ortu
973 3886 1000 3929 et
1019 3891 1128 3940 occasu,
1147 3878 1222 3928 euius
1243 3886 1357 3942 propter
1368 3878 1443 3932 Chri.

342 3956 411 4001 stum
432 3962 480 4014 pro
499 3950 599 4013 pietute
619 3948 726 4002 duiures
739 3949 876 4000 cherubim
898 3949 1030 4001 honorant
1044 3950 1128 4016 magis
1144 3963 1221 4015 quern
1240 3948 1346 4016 lignum
1366 3953 1446 4010 ritae,

343 4021 387 4072 cui
407 4020 478 4071 ensis
490 4017 626 4071 demmens
638 4033 692 4071 non
704 4021 893 4088 destringitur:
911 4037 969 4072 eum
983 4021 1054 4074 dicat
1068 4021 1232 4072 miserrimus
1250 4020 1303 4071 iste
1317 4037 1351 4072 se
1368 4021 1447 4090 ipun-

342 4107 421 4144 rere:
441 4105 512 4158 quae
527 4090 634 4142 tundent
652 4106 809 4159 quaereres
828 4099 880 4142 tam
899 4093 991 4161 gravis
1009 4099 1059 4156 est,
1077 4089 1241 4142 irnrnohiieru
1257 4092 1316 4146 eius
1338 4102 1367 4144 et
1384 4109 1446 4160 per.

342 4163 437 4216 durnin
454 4163 571 4214 animum
600 4162 754 4231 percellere
783 4171 871 4231 quent.
919 4179 1000 4232 quere
1021 4178 1072 4232 ego
1091 4177 1188 4231 surgun
1205 4162 1318 4231 quedem
1341 4172 1370 4216 et
1388 4164 1447 4216 inii-
