3017 4759
171 204 395 309 msrouue
412 240 682 309 ruzsmruuu
698 244 851 314 xxxru.
878 226 1005 313 5-9.
1095 192 1184 315 οοο

66 423 122 465 νον
145 402 191 479 εἷς
210 406 312 488 μῆκος
334 404 416 470 ἐστί·
460 404 529 469 Ικαί
556 404 585 468 ολ
615 404 825 489 ἐπηκολούθει
858 403 876 469 ὅ
905 405 986 492 πρὸς
1008 410 1170 473 Φιλοθέοο

68 506 283 590 καθαιρεθείς
304 510 359 591 τῆς
379 531 414 572 τε
434 510 667 594 πατριαρχείας
695 512 750 575 καί
771 514 826 595 τῆς
851 509 1027 597 ἱερωσύνης
1050 513 1172 577 Κάλλι-

69 626 164 681 στος,
180 603 216 683 ὃς
237 608 293 674 και
316 606 410 685 αὐτὸς
424 610 626 734 καθάπερ’
610 634 645 675 εκ
669 611 879 697 παρατάξεως
899 612 1156 695 άμονάμενος’
1116 639 1173 677 αο-
1185 621 1300 678 tutus.

67 703 121 767 τάν
135 726 170 770 τε
183 712 392 794 καθαιρεῖ
354 734 409 795 της
422 708 595 796 ἱερωσύνης
607 713 767 777 Φιλόθεον
783 712 839 777 και
849 737 912 777 των
933 717 1175 799 πατριαρχικῶν
1249 755 1253 762 ·

41 804 173 868 5άνί
158 808 282 874 εκείνοο
309 812 503 878 καθιστοται
533 798 661 939 θράνων
693 813 853 893 διάδοχος.
907 811 1046 891 άπωςιλ’
1068 814 1175 890 αὐτοῖς

69 903 341 983 ἐσχεδίασται
304 939 344 976 τα
366 916 511 993 τοιαῦτα,
530 938 583 980 και
608 909 660 979 uic
681 916 913 999 συμπέπτωκεν
931 920 1024 1003 ἕτερα
1046 918 1174 1002 μεταξύ,

68 1002 200 1090 εἴ-’ρηται
216 1034 251 1074 τε
274 1036 413 1097 μετριως
440 1012 529 1097 ἡμῖν
545 1041 599 1081 και
594 1016 784 1103 ciprianus
816 1020 969 1083 πλείοσιν
990 1015 1097 1094 ἄλλοις
1118 1018 1222 1103 την

69 1102 218 1193 ἱστορίαν
240 1108 318 1188 ἰσως
342 1136 387 1189 εις
405 1112 507 1197 μῆκος
527 1118 693 1197 μᾶλλον
678 1118 877 1183 εκτετακύσιν
898 1116 989 1201 ἤμων
1013 1120 1173 1183 ἐνταυθοῖ.
1186 1130 1209 1180 0

69 1206 125 1269 και
159 1210 220 1291 μὲν
257 1209 295 1296 δὴ
318 1213 483 1298 πρόσεισιν
507 1214 659 1292 Ἀλανίοις
688 1220 735 1305 τηῖ
765 1218 861 1282 πάλιν
880 1220 1175 1303 πατριορχεύσαντι

25 1315 58 1368 10
66 1305 167 1395 ’τούτῳ
193 1312 377 1399 Καλλίστῳ,
401 1314 501 1399 λήθην
522 1332 556 1379 τε
581 1317 679 1394 άξιῶν
695 1316 846 1401 γενέσθαι
861 1321 925 1381 τῶν
944 1319 1099 1403 πράτριτα
1120 1320 1174 1383 ἐπέ

69 1404 251 1477 Φιλοθέού
262 1413 495 1497 ἐγκεκλημένων
518 1416 621 1501 αύτῷ,
645 1414 707 1481 καί
723 1418 813 1501 δῶρα
838 1418 977 1499 πέμψειν
998 1415 1173 1498 ὑπισχνού-

22 1505 29 1516 ’
66 1532 163 1589 μενος
186 1511 380 1598 ἀποχρῶντα
409 1516 649 1600 ἐπιδεδημηκώς
677 1518 708 1593 ές
728 1516 892 1583 Ἀλανίαν.
934 1520 980 1603 τῷ
1001 1512 1057 1581 σύν
1081 1522 1174 1583 Kat-

66 1608 165 1697 λίστιρ
189 1612 297 1694 ἔχοντι
318 1612 358 1679 τὰ
387 1614 600 1700 ἐπηγγελμένα
622 1619 655 1682 ἐν
688 1620 812 1682 ἐλπίσιν
832 1614 894 1703 ἤδη
918 1608 1173 1705 ἀναμφιλέκτοις,
1204 1632 1209 1644 ”

65 1710 207 1790 τάχιστα
231 1716 415 1799 ἐπεραίνετό
438 1715 465 1780 οἱ
487 1718 538 1803 ἐφ’
555 1710 602 1793 οἷς
622 1718 810 1803 ἐμισθώθη·
854 1719 910 1783 καί
931 1713 969 1802 ἦν
992 1718 1080 1805 α’ύτηλ
1094 1725 1172 1785 συλ-

26 1814 257 1901 15λειτουργύς
276 1814 355 1901 ἡδύς
373 1816 525 1895 Ἀλανίας
546 1821 579 1883 ἐν
607 1813 732 1905 ἐορταῑς
752 1842 786 1883 τε
809 1820 865 1885 καί
885 1820 1097 1905 πανηγύρεσιν
1118 1821 1174 1885 καί

69 1910 224 1999 σύνειλρος
246 1919 279 1980 ἐν
300 1926 365 1993 τοῖς
387 1922 463 1982 καθ’
493 1917 617 2003 ἡμέραν
642 1922 862 2006 ψηφίσμασιν.
915 1920 985 1984 ἐπεί
1015 1923 1044 1984 δ’
1073 1917 1092 1983 «i
1113 1920 1210 2001 μὲνο

69 2010 177 2099 α’πῄει,
199 2016 242 2081 τὰ
264 2020 293 2081 δ’
316 2018 530 2103 ἐπηγγελμένα
561 2021 660 2105 λήθης
693 2023 809 2101 βοηθοῖς
839 2020 1077 2101 παρεπέμπετο,
1100 2021 1173 2083 αίσ-

56 2111 209 2195 ,θέμενος
228 2116 246 2182 ὅ
265 2117 346 2203 ,πρίν
361 2120 478 2195 ἐκεῖνος
500 2120 681 2205 κατήγορος,
707 2121 888 2193 Κάλλιστος
907 2114 1018 2200 ὄνομα,
1043 2118 1174 2205 ἄφίκετο

68 2215 156 2301 πιέσῃ
180 2220 313 2304 σπουδῇ
333 2221 527 2304 βριθούσαις
557 2221 721 2302 παλάμαις
754 2223 876 2283 ἐκεῖθεν
899 2217 989 2305 παρὰ
1010 2218 1064 2283 τὸν
1087 2216 1174 2301 ὅμοι’-

25 2330 60 2384 20
69 2336 170 2396 νυμον
194 2319 251 2382 και
272 2318 452 2403 ὁμότροπον
467 2316 699 2397 Κάλλιστον,“
679 2345 716 2395 ας
736 2319 918 2437 ἐκεκομίκει
934 2318 1088 2404 πρότερον
1111 2322 1173 2383 Φι-

71 2417 187 2515 λοθέω,
213 2443 266 2483 και
288 2420 343 2483 νῦν
367 2420 513 2501 κομίζων
533 2420 723 2505 κατηγορίας
754 2444 843 2481 κατα
861 2420 925 2482 τοῦ
937 2417 1097 2495 Αλιινίας,
1120 2442 1174 2482 και

73 2511 141 2595 άμα
173 2543 231 2603 την
245 2543 278 2581 τε
305 2521 426 2584 ἐκείνου
463 2522 562 2605 ζητων
595 2522 787 2607 καθαίρεσιν
814 2544 868 2583 και
900 2543 956 2602 την
976 2543 1032 2583 του
1018 2518 1173 2603 θρόνου

69 2619 261 2705 μετάληψιν.
301 2622 342 2706 τῇ
364 2614 419 2685 ούν
440 2625 589 2713 παρολκη
608 2624 670 2686 τῶν
699 2623 872 2707 λημμάτων
899 2616 1175 2708 παρελκνσθεις
1156 2644 1172 2683 ο

72 2940 208 2985 narratum
228 2940 278 2983 eet
316 2930 391 2983 iilius
409 2948 475 2985 vero
496 2949 586 2986 comes
607 2940 664 2987 erut
683 2934 811 2989 Callistus
830 2951 846 2985 a
865 2932 1009 2986 Phiiutisec
1025 2949 1040 2984 e
1059 2935 1176 2999 petriss-

19 3002 20 3005 ’
74 3000 154 3053 chutu
184 3010 211 3053 et
239 3001 412 3054 sacerdotio
409 3006 536 3071 eiectus,
569 3008 614 3073 qui
636 3020 743 3058 suorum
770 3013 799 3056 ut
822 3020 937 3071 aequum
961 3002 1048 3055 visum
1076 3005 1177 3055 vindex

74 3070 244 3127 ihiictheuur
262 3088 373 3125 munere
390 3090 482 3126 rursus
504 3077 595 3140 eiecit,
615 3085 641 3128 et
659 3078 686 3128 iu
704 3076 910 3143 patriarchatum
928 3076 1068 3127 successit.
1106 3090 1176 3141 quo-

73 3145 153 3195 modo
175 3152 263 3197 eutem
284 3143 351 3195 haec
374 3145 442 3196 inter
464 3145 526 3197 iiius
546 3156 604 3199 scta
624 3148 695 3208 sint,
716 3156 742 3198 et
764 3162 832 3215 quae
852 3146 906 3198 ulia
924 3145 1001 3198 simui
1020 3145 1175 3208 acciderint,

74 3215 127 3265 ium
146 3218 211 3268 sutis
230 3232 245 3267 ιι
265 3216 340 3267 uobis
361 3217 509 3281 expositum
531 3226 572 3269 est
591 3226 618 3269 et
641 3226 810 3283 exponentur
829 3216 880 3269 ium
900 3217 1021 3284 pluribus
1040 3215 1111 3281 aliis,
1130 3216 1176 3268 ubi

75 3285 216 3339 historiam
243 3285 351 3355 longius
377 3286 587 3355 produxerimus.
635 3290 726 3354 ituque
752 3288 867 3355 Symeon
896 3289 1018 3340 adhunc
1046 3288 1092 3356 qui
1111 3287 1176 3338 oiim

76 3358 281 3423 patriarchatum
303 3358 429 3411 habuerat
450 3357 587 3413 Callistum
605 3374 637 3410 se
658 3358 786 3422 contulit,
804 3374 901 3427 rogans
920 3368 949 3411 ut
968 3360 1106 3411 criminum
1125 3359 1176 3410 ribi

77 3428 126 3479 sub
150 3430 290 3481 Phiiothco
315 3429 479 3483 obiectorum
511 3430 675 3481 oblivionem
695 3428 813 3494 fuceret,
840 3438 866 3481 et
894 3431 1015 3497 promisit
1038 3430 1126 3499 iurgus
1146 3445 1175 3480 se

78 3500 219 3552 missurum
240 3502 384 3566 pecunias,
410 3503 432 3553 si
451 3502 563 3555 Aluuiue
589 3503 615 3553 in
635 3501 724 3553 sedem
751 3516 823 3553 sustu
844 3505 1041 3554 restitueretur.
1080 3501 1175 3565 quibus

79 3570 208 3624 Callistus
229 3580 393 3637 commotus,
413 3590 491 3640 quum
521 3574 693 3625 certissimum
712 3574 900 3638 promissorum
927 3588 1001 3638 spem
1022 3571 1073 3621 sibi
1092 3571 1176 3621 iecis-

79 3650 131 3705 set,
151 3658 227 3710 quarn
248 3642 390 3695 celerrime
411 3645 438 3694 id
459 3644 556 3709 effecit,
577 3654 604 3697 et
620 3652 711 3713 gratus
732 3644 789 3696 eius
815 3645 901 3695 iectus
922 3650 963 3693 est
981 3640 1089 3710 coiiegc
1108 3640 1175 3693 Aiu-

81 3713 141 3764 uius
159 3716 186 3764 in
206 3714 357 3779 sacrificiis,
377 3715 461 3779 iestis,
481 3716 602 3767 coetibus
621 3714 753 3782 publicis,
780 3723 807 3766 et
826 3716 915 3766 socius
933 3714 962 3763 iu
980 3712 1087 3762 iudiciis
1106 3725 1176 3780 quo-

79 3783 146 3834 tidie
165 3786 332 3837 exercendis.
370 3787 416 3838 sed
437 3802 515 3854 quum
535 3786 583 3838 iiie
601 3787 705 3850 abiret,
723 3786 854 3853 promisse
872 3800 938 3836 vero
958 3784 1084 3835 coutinuu
1101 3783 1175 3834 obii-

81 3856 164 3904 vione
181 3854 307 3923 neglectu
327 3864 432 3920 esseut,
452 3857 530 3925 idque
563 3858 729 3924 percepisset
755 3858 800 3925 qui
829 3872 888 3907 eum
907 3864 984 3906 uuteu
1002 3863 1177 3907 accusaverat

80 3926 188 3977 nominc
208 3926 345 3991 Callistus,
364 3930 386 3979 is
405 3930 475 3979 omui
495 3929 666 3980 festinatione
685 3936 711 3980 et
738 3928 827 3995 plenis
847 3928 966 3979 munibus
985 3926 1017 3978 ud
1037 3926 1197 3979 Cuiiisturn·

80 4011 194 4062 quocum
213 3998 321 4048 nomine
341 4007 367 4050 et
388 4000 505 4050 moribus
518 4002 676 4050 coniunctus
697 4007 753 4051 erut
773 3999 928 4065 properavit
951 4004 978 4049 et
996 3998 1087 4048 eadem
1107 4012 1176 4063 quae

82 4076 160 4119 unteu
179 4068 248 4135 upud
266 4067 445 4134 Phiiotheurn,
468 4086 538 4121 nunc
559 4072 627 4137 apud
648 4070 723 4122 ilium
739 4072 849 4121 crimine
867 4070 895 4121 iu
912 4068 1034 4123 Aiuniurn
1055 4066 1175 4134 protuiit,

84 4139 216 4209 simulque
238 4147 268 4191 ut
285 4138 406 4193 Aiuuium
425 4141 489 4193 sede
506 4156 554 4195 τοο
571 4149 694 4195 moveret
722 4150 749 4192 et
767 4140 818 4193 ribi
838 4152 894 4193 cem
916 4140 1078 4194 concederet
1094 4151 1177 4207 rogu-
