3017 4759
279 243 353 320 300
582 242 807 314 mctaaoaa
837 242 1069 313 GREGORAE

279 408 375 488 αὐτὸς
395 414 538 492 οαοτοῦ,
563 409 680 494 ταύτης
705 401 767 494 ἤδη
794 436 832 474 τα
823 404 1123 492 α’ναιιαλιιπτὴρια
1155 401 1244 474 θύων
1269 401 1382 494 ὥσπερ

278 514 312 578 tv
329 517 512 608 Διονυσίων
530 521 672 594 πομπαῖς
692 511 750 574 οὖν
772 508 922 631 αιόθρίνῃ.
1045 591 1056 635 3

211 619 267 672 Η
370 614 465 681 ‘066
486 618 649 696 Παλαμιῖς
676 606 770 677 οὖδὲν
799 610 880 695 πρὸς
900 615 1003 688 ταῦτα
1032 610 1282 695 α’ποιιρινιίμενος
1312 605 1385 677 ἑτέ-

277 740 338 803 ραν
362 714 502 798 ἐβαδισε,
523 717 615 780 τοῦτο
639 711 735 798 6616
760 709 877 803 είοοθός
899 712 998 801 αίτῷ.
1025 705 1115 778 “e6ra
1135 713 1201 795 οὐχ
1223 710 1238 776 6
1260 713 1385 795 μίγας”

277 819 358 902 φησί
372 810 563 890 “Βασιλειος
595 818 630 881 εἰι
652 815 715 879 τῶν
734 817 899 898 ἐνεργειῶν
927 818 986 879 τοῦ
1007 817 1087 878 θεοῦ
1122 812 1236 899 φάσκει
1259 815 1428 898 γνωρί-ῖο,

278 919 342 997 ζειν
365 913 448 1001 ἡμᾶς
476 916 530 980 τὸν
551 913 646 997 asir,
685 912 721 979 ai
741 913 803 999 γοὶρ
836 919 991 998 ἐνέργειαι
1016 916 1135 996 astruat,
1158 915 1276 1000 φησίν,
1299 912 1383 998 πρὸς

276 1019 360 1100 ἡμᾶς
379 1018 635 1101 καταβαίνουσιν,
658 1013 676 1100 ἦ
699 1019 729 1080 δ’
749 1018 843 1080 ου’σιά
866 1017 968 1080 ου’τοῦ
979 1019 1067 1096 μένει
1081 1015 1263 1098 α’πρόσιτος.
1296 1015 1384 1079 τοί·-

276 1144 333 1194 τας
356 1109 414 1192 οὖν
429 1117 487 1193 τοὶς
506 1121 664 1202 ἐνεργείας
686 1115 751 1200 ἔχει
777 1115 794 1179 6
817 1115 892 1192 θεὸς
914 1109 1011 1192 ἄλλος
1026 1110 1070 1180 σίν
1085 1110 1183 1192 ἄλλος
1204 1111 1303 1197 οὔσας
1323 1119 1384 1179 καί

278 1218 469 1294 α’κτίστοος·
521 1209 617 1284 αὗται
646 1219 708 1303 γάρ
743 1221 824 1284 εἰσιν
854 1217 887 1283 αἱ
916 1213 1082 1300 πρόνοιοιι,
1112 1215 1146 1280 αἱ
1174 1219 1316 1301 πρόοδοι,
1339 1218 1379 1278 τί·

277 1312 420 1404 ἄπειρον,
445 1317 479 1385 τὸ
504 1312 666 1404 ἄτρεπτον,
686 1315 720 1384 τὸ
743 1319 878 1400 ἁπλοῦν,
900 1314 935 1383 16
960 1311 1114 1401 ἄναρχον,
1143 1317 1178 1383 τὸ
1208 1315 1428 1400 &nonenim-to

277 1444 346 1507 ιον,
371 1419 388 1505 ἡ
414 1421 535 1508 σοφία,
564 1419 582 1504 ἦ
607 1421 744 1502 δύναμις
769 1418 831 1485 καί
864 1418 1078 1501 τὰτοιαῦτα,
1111 1413 1192 1484 ἄλλα
1219 1423 1278 1500 μὲν
1300 1411 1381 1482 ὅντα

247 1519 364 1642 πρρὰ
386 1522 442 1607 τὴν
465 1523 592 1604 ον’σίαν,
615 1516 749 1587 ἆντιστα
771 1523 823 1586 66·
875 1511 953 1586 ἄλλο
962 1518 1037 1608 γάρ
1066 1521 1101 1586 τὸ
1125 1518 1274 1603 ἔχονταί
1298 1514 1382 1584 ἄλλο

152 1632 267 1696 5142r.
278 1621 313 1688 τὸ
337 1625 486 1706 ἐχόμενον
507 1649 560 1689 και
555 1620 771 1711 διάφορονῗ
1166 1687 1172 1696 ,

212 1744 267 1798 45
379 1727 472 1809 Πρὸς
501 1732 601 1792 ταῦτα
622 1753 638 1790 ο
628 1725 691 1791 Γ
689 1749 827 1826 ρργορας
855 1723 1066 1812 ἀποκριθεὶς
1067 1723 1161 1793 ’ίδιόν
1194 1735 1244 1792 σοι
1266 1727 1385 1790 τοῦτο”

280 1850 402 1913 φησιν,
431 1824 479 1890 “cn
467 1818 662 1909 ἄνθρωπε,
684 1825 871 1910 γνώρισμα,
888 1829 988 1912 μηδὲν
1012 1824 1089 1912 πρὸς
1109 1824 1183 1903 ἔπος
1207 1825 1383 1949 α’ποκρίνε-
1361 1842 1427 1894 -15

277 1932 369 2006 σθαι,
391 1927 460 1991 a’at'
481 1926 554 1990 ἄνθ’
575 1923 691 2012 ἑτέρων
713 1924 918 2028 παρεισάγειν
940 1925 1043 2011 ἕτερα,
1064 1929 1196 2013 ἡμιτελῆ
1218 1926 1257 1992 τοὶ
1280 1927 1382 2010 α’νοιγ.

277 2024 423 2112 καιότερα
446 2027 723 2110 αατολιμποὶνοντο
755 2053 807 2094 και
831 2031 943 2116 α’σαφῆ
970 2054 1022 2095 και
1018 2024 1295 2114 ἇνεπεξίργαστα
1325 2033 1384 2093 καί

277 2128 458 2212 ἀμάρτυρα.
511 2122 597 2210 ὅμως
627 2128 725 2213 μικρὰ
758 2129 814 2196 καί
842 2134 917 2214 περί
948 2134 1011 2195 τοῖν
1031 2134 1090 2194 νῦν
1118 2154 1168 2195 σοι
1200 2133 1383 2212 λεχθέντων

278 2228 495 2316 φθεγξάμενος
516 2231 751 2312 ἀπαλλάξομαι.
796 2232 834 2296 ἐί
867 2221 944 2296 ἄλλο
978 2230 1013 2296 τὸ
1037 2229 1112 2314 ἔχον
1142 2229 1199 2294 καί
1230 2221 1307 2293 ἄλλο
1339 2228 1379 2293 τί

278 2331 429 2414 ἐχόμενον
452 2329 506 2395 καί
526 2329 694 2417 διάφορον,
716 2335 772 2398 καί
791 2329 825 2397 τὸ
845 2335 904 2414 μὲν
935 2329 1008 2417 ἕχον
1030 2332 1124 2398 οὐσία
1146 2328 1181 2396 ut
1206 2333 1240 2395 dd
1263 2331 1434 2413 ε’χόμε-νλλ

277 2453 331 2496 νον
353 2428 410 2493 οιῖοι
435 2430 530 2496 οιίσία
551 2433 705 2517 καταοί,
739 2433 891 2498 α’νούσιον
922 2423 987 2516 ἆρα
1007 2431 1041 2499 τὰ
1067 2429 1229 2515 ἐχόμενον.
1272 2433 1381 2496 ναίετ’

278 2531 297 2614 ἦ
319 2531 412 2597 οὕσία
436 2531 522 2613 θεός,
544 2530 579 2597 τί
604 2526 751 2598 α’νοιίσιον
771 2527 837 2617 ἆρα
860 2527 898 2597 οὗ
920 2531 1017 2617 θεός,
1038 2532 1059 2619 ἤ
1078 2537 1220 2618 ἐνέργεια
1242 2529 1378 2617 δηλαδή.

279 2635 335 2697 καί
354 2630 482 2698 σύνεστι
503 2631 614 2697 λοιπόν
645 2636 679 2710 ἐξ
711 2635 820 2700 αἰδίοο
841 2638 880 2724 τῇ
900 2635 974 2725 θείρ
1002 2636 1059 2701 καί
1071 2638 1205 2724 σίκτίστιρ
1242 2626 1378 2723 οὗοίρῆ

208 2947 212 2954 -
281 2919 310 2971 in
328 2917 473 2983 infamiam,
493 2919 564 2987 quod
583 2926 671 2971 autem
696 2918 807 2972 velabas
824 2920 899 2987 ipse,
918 2920 1034 2972 dedecus
1053 2927 1135 2985 tuum,
1155 2920 1213 2973 eins
1231 2920 1281 2972 iam
1301 2936 1379 2973 saara

281 2990 458 3044 revelationis
478 2990 569 3042 iacere
589 2999 617 3043 te
636 3000 760 3059 tanquam
778 2993 806 3042 in
828 2992 1017 3059 Dionysiorum
1052 2992 1157 3060 pompis
1175 3007 1229 3043 οοο
1248 2993 1341 3045 sentis.

386 3077 506 3131 Palamas
530 3087 617 3130 autem
648 3078 716 3130 nihil
735 3080 768 3132 ad
793 3079 860 3130 haee
879 3081 1043 3147 respondens
1068 3079 1147 3131 aliam
1166 3081 1227 3132 iniit
1247 3080 1328 3145 viam,
1348 3090 1380 3133 ut

285 3161 343 3204 erat
362 3151 420 3202 eius
435 3165 504 3201 mos.
540 3165 630 3202 nonne
647 3166 769 3218 magnus,
790 3151 886 3219 inquit,
917 3150 1032 3203 Basilius
1054 3167 1087 3202 ex
1104 3151 1257 3204 efficientiis
1277 3153 1320 3204 dei
1334 3152 1379 3203 di.

282 3224 318 3274 cit
337 3235 387 3272 nos
407 3235 572 3289 cognoscere
596 3221 698 3272 deum?
744 3222 908 3273 efficientiae
934 3223 1004 3272 enim
1033 3223 1107 3287 eius,
1127 3222 1165 3274 ait
1185 3222 1250 3288 iile,
1278 3223 1308 3273 ad
1327 3238 1380 3274 nos

282 3291 462 3355 descendunt,
484 3293 600 3343 essentia
619 3301 705 3343 autem
725 3295 783 3344 eius
802 3301 891 3345 manet
911 3294 1058 3344 inaccessa.
1082 3293 1130 3345 has
1152 3294 1234 3361 igitur
1253 3293 1380 3346 efficies.

282 3365 333 3416 tias
354 3361 434 3413 habet
453 3362 528 3428 dens,
549 3364 594 3430 qui
613 3363 682 3415 alius
704 3372 754 3428 est,
775 3364 841 3416 alias
863 3373 889 3416 et
907 3364 1049 3428 increatas,
1072 3363 1121 3414 hae
1143 3366 1213 3415 enim
1232 3372 1292 3416 sant
1310 3378 1379 3431 pro.

282 3434 428 3496 videmiae,
447 3441 510 3484 sant
530 3441 653 3498 eventus,
673 3448 754 3501 porro
774 3436 925 3501 infinitum,
943 3433 1088 3499 immotam,
1108 3434 1232 3502 simplex,
1253 3436 1330 3486 initio
1350 3444 1380 3486 et

282 3507 335 3559 fine
355 3520 459 3567 carens,
480 3505 620 3572 sapientie,
640 3506 682 3557 vis
701 3505 836 3575 taliaque,
863 3523 932 3575 quae
952 3507 1039 3558 omnia
1057 3506 1109 3557 alia
1128 3507 1234 3574 quidem
1255 3513 1316 3558 sunt
1333 3515 1380 3557 at..

282 3594 334 3648 que
354 3577 487 3641 essentia,
502 3576 563 3628 'sed
590 3577 718 3629 increata.
766 3577 838 3630 aliud
858 3579 927 3629 enim
948 3586 988 3630 est
1012 3578 1081 3646 quod
1100 3575 1288 3642 habetj'aliud
1307 3578 1380 3647 quod

284 3649 465 3721 habetur,·et
491 3649 625 3701 diversum
652 3649 767 3716 quidem.

378 3739 419 3791 Ad
430 3738 496 3790 haec
509 3739 641 3805 Gregoras
655 3737 838 3804 respondens,
858 3738 1002 3805 proprium,
1021 3738 1117 3807 inquit,
1137 3736 1189 3788 hoo
1207 3737 1266 3802 tibi,
1283 3739 1381 3802 amice,

281 3817 321 3860 est
345 3810 466 3876 signum,
494 3817 523 3861 nt
550 3808 618 3860 nihil
648 3809 718 3877 quod
745 3809 778 3860 ad
802 3825 857 3861 rem
884 3810 1032 3876 pertineat,
1056 3809 1234 3876 respondeas,
1262 3809 1309 3861 sed
1330 3823 1380 3875 pro

279 3879 339 3931 aliis
379 3879 432 3930 alia
462 3881 576 3932 adducas
609 3880 787 3947 imperfecta,
816 3881 922 3933 omissis
952 3882 1006 3946 iis,
1033 3895 1102 3948 quae
1133 3882 1217 3948 magis
1248 3894 1381 3946 necessa.

278 3952 319 4002 ria
353 3958 430 4013 suat,
456 3958 483 4001 et
508 3951 620 4002 obscura
652 3959 678 4002 et
704 3951 842 4004 inexculta
873 3959 900 4002 et
927 3953 1087 4004 testimoniis
1116 3953 1243 4004 carentia.
1291 3959 1381 4004 tamen

278 4037 363 4090 pauca
396 4021 474 4072 etiam
499 4023 531 4073 de
559 4023 609 4088 iis,
642 4038 711 4090 quae
729 4038 806 4090 inuno
837 4038 852 4073 a
877 4029 905 4072 to
929 4023 999 4076 dicta
1030 4030 1106 4086 sunt,
1131 4021 1257 4089 ioquutas
1288 4022 1382 4076 disce.

288 4093 355 4148 dam.
393 4094 415 4144 si
434 4092 507 4145 aliud
527 4098 567 4143 est
592 4095 662 4160 qaod
680 4092 778 4158 habet,
803 4092 875 4144 aliud
900 4095 970 4162 qnod
996 4094 1108 4146 hahetur
1134 4101 1160 4145 et
1178 4094 1330 4159 diversam,
1350 4111 1383 4146 ac

286 4165 309 4216 si
329 4165 401 4234 qnod
419 4163 499 4226 habet
518 4171 559 4217 est
579 4166 706 4231 essentia,
726 4164 796 4233 quod
815 4173 904 4218 autem
923 4165 1035 4219 habetur
1062 4180 1116 4218 οοο
1138 4173 1178 4220 est
1199 4165 1385 4224 essentiase.
