3017 4759
294 181 369 258 860
432 251 436 262 .
602 187 827 261 dimaon!
859 186 1089 258 dumata

294 353 471 431 ινάιιόδεις.
513 357 613 438 ἐχρῆν
645 350 706 438 γαρ
729 355 816 444 αὐτῷ
835 352 879 439 μὴ
913 353 1105 436 α’νατρέπειν
1125 351 1199 428 τούς
1224 334 1327 434 dcccc
1353 353 1410 416 κατ’

293 453 367 530 τεός
389 452 652 541 έπιοτημονικοός
672 452 806 531 κανόνας
826 461 933 520 ταῦτα
950 455 1125 521 αἴτιονκαὶ
1145 455 1309 532 αἰτιατοῦ,
1331 453 1410 536 μηδ’

294 555 515 642 ἐπιστρέφειν
528 557 663 634 ἀμαθοῦς
680 554 817 623 osismos·
856 559 911 622 ε’πί
927 556 987 640 γὰρ
1006 558 1068 620 τεόν
1085 556 1175 620 ἰδιαν
1196 552 1230 618 τε
1247 557 1309 618 κατ’
1328 549 1408 618 ἴσον

209 694 212 701 ’
294 652 440 739 α’λλὴλοις
455 655 494 723 τό
518 657 798 744 τῆςαῖντιστραφῆς
818 665 1052 742 συγχωρεΐται,
1075 656 1118 734 ὥς
1140 658 1193 721 τοῖν
1209 655 1407 738 γελαστικοό

294 762 353 824 τοῦ
374 757 548 840 α’νθροόποο
571 761 627 823 καί
640 762 698 824 τοῦ
717 763 958 842 χρεμετιστικοῦ
970 761 1023 823 τοῦ
1045 759 1153 839 ἵππου,
1174 758 1300 821 καίοιῖκ
1322 753 1431 826 ἔνθα5

292 859 328 926 τό
343 859 453 939 μεῖζόν
475 883 508 923 τε
530 856 722 925 selitanae
747 853 767 946 ἢ
789 859 822 924 τό
837 861 960 944 πρῶτον
982 862 1038 924 καί
1056 857 1201 942 δεύτερον
1215 863 1405 941 θεωρεῖται.

294 957 471 1044 αἴτιονγόρ
486 962 651 1026 κόνταόθα
663 966 720 1026 καί
738 965 875 1043 πριότον,
893 960 933 1025 oui
934 988 957 1045 χ
974 959 1017 1037 ὥς
1032 961 1169 1043 α’μαθεός
1189 955 1288 1033 αότός
1310 982 1406 1044 φησι,

261 1122 265 1126 Α
295 1057 376 1124 διότι
398 1055 556 1143 α’μερήςῆ
579 1061 683 1138 ονάία,
706 1062 758 1126 διό
774 1067 864 1127 τοῦτο
877 1060 1038 1145 διαφαρός
1051 1061 1107 1124 οδκ
1119 1056 1188 1142 ἔχει
1209 1059 1406 1132 ουόιαόδεις·

294 1158 376 1223 α’λλό
389 1160 586 1242 τοόναντιόν,
608 1163 704 1247 εἶκαὶ
716 1165 808 1228 τοῦτο
823 1165 893 1249 δοιή
908 1187 954 1238 τις
965 1164 1124 1241 ἐνταῦθα,
1143 1160 1224 1226 διότι
1238 1158 1407 1244 διαφοράς

295 1258 354 1322 oria
377 1256 444 1342 ἔχει
465 1259 645 1345 ανάιαόδεις,
665 1261 720 1329 διό
741 1266 827 1328 τοῦτ’
849 1262 926 1342 ἴσως
943 1266 1015 1330 ἐστι’
1034 1266 1088 1326 κατ’
1106 1263 1238 1344 α’μερῄς.
1282 1262 1343 1324 κατ’
1357 1283 1407 1324 τοι
1417 1279 1449 1334 ιο

295 1357 394 1444 ἔχρῆν
411 1360 580 1454 ια’νταόθα
602 1367 750 1448 τεχνικός
773 1365 917 1432 διελόντα
943 1365 1093 1448 πρότερον
1114 1366 1232 1446 εἰπεῖν,
1262 1364 1409 1445 ποτέρας

294 1465 357 1528 ταῖν
372 1454 538 1528 οόσιανόῶν
556 1468 723 1552 διαφοραῖν
738 1471 879 1532 ἐνταῦθα
897 1465 1063 1549 λαμβάνει.
1079 1464 1136 1542 τός
1146 1467 1205 1547 μὲν
1225 1462 1287 1546 γάρ
1301 1487 1409 1550 φασιν

296 1556 381 1628 rivas
403 1567 479 1628 καθ’
500 1558 539 1642 dg
562 1559 689 1632 ἄνωθεν
710 1566 797 1634 κόταν
818 1567 856 1632 τό
886 1571 960 1654 γένη
991 1570 1161 1651 διαιρεῖται
1184 1564 1230 1640 εἰς
1252 1561 1327 1647 εἴδη
1351 1568 1410 1626 κατ’

165 1667 394 1732 λίδθωαότα
416 1667 461 1741 εἷς
482 1659 604 1787 ὄνομα,
644 1660 664 1752 ἢ
691 1672 813 1752 μᾶλλον
842 1671 941 1733 εἰπεῖν
963 1669 1002 1734 τό
1032 1665 1091 1736 dic
1120 1668 1165 1743 εἰς
1194 1668 1278 1749 μέρη
1311 1658 1409 1750 (ολον

294 1787 357 1846 γαρ
379 1759 541 1848 εκότερον,
562 1768 598 1832 τό
622 1793 656 1833 τε
674 1773 761 1852 γένος
783 1795 838 1834 και
853 1766 888 1833 τό
912 1763 1008 1853 εἶδος,
1028 1795 1079 1834 και
1095 1763 1156 1834 ficu
1170 1765 1295 1832 οότωσί
1297 1763 1449 1867 πρόςιὸ

295 1857 378 1931 όλλα
405 1868 610 1954 διαιρεῖται),
633 1867 692 1944 τὰς
724 1872 759 1935 δὲ
780 1860 855 1933 καθ
889 1866 928 1947 ἃς
954 1869 993 1935 τό
1019 1872 1224 1954 διαιρεθέντα
1254 1868 1410 1932 ειδοποι-

295 1971 390 2030 cirus.
435 1961 521 2047 ὅμως
535 1961 779 2054 έξῆςέπιφέρει
800 1975 958 2056 γραφικῆς
978 1993 1172 2054 μαρτυριας,
1196 1966 1331 2048 δι’λον
1314 1989 1409 2042 οπως

296 2071 371 2132 ποτε
395 2069 451 2132 καί
465 2071 560 2133 τοῦτο
581 2064 710 2152 ποιεῖ,”
693 2095 739 2135 οτι
761 2069 817 2146 τός
839 2069 1036 2154 διαιρετικός
1054 2074 1109 2136 κατ’
1130 2065 1295 2135 οἴκοθεν’
1279 2093 1316 2132 εκ
1338 2069 1409 2130 τῶν

177 2244 180 2251 ,
297 2168 396 2254 ptiust
417 2173 583 2255 προτέρων
604 2173 650 2248 εἰς
671 2169 705 2236 τό
728 2171 817 2238 νότια
842 2175 1054 2256 μεριζομένας
1085 2173 1208 2253 πλῆθος
1239 2167 1407 2250 ὁμολογεῖ,

296 2261 382 2334 dues
400 2273 461 2352 μὲν
491 2274 546 2336 καί
579 2273 719 2353 α’μαθαός
746 2270 825 2338 καταὶ
846 2274 880 2338 τό
914 2272 1093 2356 αότόματον
1115 2275 1234 2351 εἰπεῖν,
1259 2281 1354 2336 ποιεῖ
1374 2272 1449 2342 d’so

297 2359 363 2432 οόν.
421 2367 643 2455 πληθόνεσθαι
678 2373 741 2456 γόρ
764 2372 797 2439 τό
819 2379 877 2439 τοῦ
909 2379 998 2439 θειόυ
1023 2373 1140 2460 φόοκει
1163 2374 1323 2452 Μαξίμου
1346 2369 1406 2436 τόν

17 2511 31 2550 ρ
228 2467 373 2542 ..θεόν
391 2468 426 2537 τό
448 2472 681 2544 καθ’,ἕκαοιον
707 2475 753 2550 εἰς
776 2473 969 2559 παραγωγήν
997 2477 1058 2539 τῶν
1082 2465 1181 2538 όντων
1208 2470 1408 2554 βουλήματα

297 2578 367 2646 ταῖς
399 2580 621 2656 προνοητικαῖς
650 2571 800 2658 αροόδοις
829 2573 1206 2657 πολλαπλασιαζόμενον,
1233 2573 1345 2656 μένειν
1377 2573 1409 2636 δ’

296 2674 475 2760 α’μεριὶττως
497 2670 552 2737 ἕνα
575 2673 723 2758 καθάπερ
753 2674 809 2740 τόν
841 2672 929 2760 ἥλιον
951 2677 1081 2752 α’κτῑνας
1109 2675 1228 2750 πολλός
1255 2678 1410 2758 προπέμ-

163 3013 169 3020 ,
295 2954 371 3008 tebet
391 2969 451 3006 euru
469 2967 524 3007 non
550 2954 618 3007 dnes
639 2955 772 3008 excedere
797 2962 824 3008 et
842 2956 980 3009 doctrinae
999 2953 1109 3024 regulos
1134 2954 1168 3006 de
1189 2967 1270 3006 causa
1288 2961 1319 3006 et
1335 2970 1408 3008 can.

185 3057 189 3063 ·
296 3034 366 3091 sato,
384 3041 474 3094 neque
492 3031 544 3078 taur
562 3026 671 3080 indocte
683 3041 850 3095 oppugnare.
869 3043 930 3078 nuru
946 3028 974 3078 iu
992 3025 1125 3079 similibus
1140 3027 1168 3077 el
1185 3025 1294 3092 peribus
1312 3034 1408 3079 unns.

297 3099 393 3151 lationi
411 3097 489 3150 locut
508 3106 565 3163 est,
593 3097 671 3150 velut
698 3099 814 3150 hominis
842 3098 968 3151 eachinus
992 3105 1020 3149 et
1039 3097 1101 3166 eqni
1125 3096 1254 3148 liiuuitus.
1290 3113 1347 3150 uon
1367 3099 1407 3151 ibi

296 3170 383 3222 maius
404 3175 433 3219 et
449 3169 557 3231 minus,
585 3177 631 3221 aut
658 3171 772 3235 primurn
798 3179 826 3222 et
845 3169 956 3223 alterum
976 3170 1075 3220 habent
1094 3167 1191 3220 locum.
1229 3183 1311 3220 cauea
1332 3173 1407 3221 enim

298 3247 341 3293 est
361 3247 389 3290 ct
412 3240 544 3305 primum,
568 3255 623 3290 non
646 3247 677 3290 ut
699 3242 759 3308 ipae
784 3242 892 3294 indocte
919 3241 1000 3306 dicit,
1031 3240 1102 3308 quod
1121 3241 1253 3306 impartita
1273 3244 1406 3306 essentia,

298 3325 364 3378 ergo
383 3311 530 3361 uarietates
552 3325 608 3370 uon
627 3310 708 3363 habet
726 3314 896 3378 essentiales,
916 3313 963 3364 sed
981 3312 1126 3375 contrarie,
1146 3312 1246 3380 siquis
1266 3309 1335 3363 illud
1357 3314 1405 3364 al.

297 3381 381 3435 ierat:
401 3380 471 3449 quod
496 3382 640 3434 varietates
660 3382 816 3436 nonhabet
837 3384 1013 3447 essentiales,
1036 3395 1101 3451 orgo
1121 3398 1175 3435 uon
1194 3383 1330 3450 impartita
1350 3393 1405 3436 est.

297 3465 375 3524 quam
414 3465 455 3503 aru
479 3467 593 3504 necesso
612 3462 670 3505 erat
686 3454 765 3517 docte
783 3457 989 3527 distinguentem
1008 3455 1081 3523 prius
1107 3454 1213 3518 dicere,
1238 3457 1326 3506 utrarir
1353 3471 1405 3508 es.

297 3525 383 3578 sentia
398 3539 439 3577 ens
465 3524 622 3577 serietatem
640 3526 763 3593 recipiat.
807 3543 869 3581 essa
889 3529 959 3581 enim
982 3528 1091 3590 dicunt,
1117 3527 1150 3579 ad
1174 3541 1240 3595 quaa
1257 3542 1274 3577 a
1296 3541 1404 3579 summo

297 3597 357 3650 ad'
349 3599 428 3648 rru‘nm
447 3611 549 3666 genera
568 3596 754 3649 dividuntur'
745 3613 773 3649 ιο
798 3601 920 3666 specics,
950 3606 977 3651 ei
1004 3598 1080 3650 hae
1073 3613 1101 3652 ιιι
1129 3606 1217 3650 atoma
1243 3606 1290 3651 aut
1310 3600 1404 3666 potius

297 3675 355 3721 tota
373 3669 401 3719 in
420 3675 520 3736 perles.
562 3675 647 3720 totum
673 3670 743 3720 enim
769 3679 925 3739 utrumque,
950 3684 1052 3740 genus,
1069 3671 1193 3738 species,
1222 3684 1405 3739 quaecuuque

297 3742 370 3792 inter
388 3754 418 3791 se
439 3739 601 3792 dividuntur.
648 3750 834 3806 estuantem,
856 3743 889 3794 ad
914 3757 979 3811 quas
1000 3741 1087 3794 divisa
1106 3742 1261 3793 tornantur
1309 3750 1404 3794 umen

300 3825 335 3865 aa
353 3809 502 3877 scripturae
519 3812 690 3874 testimonio,
712 3814 783 3881 quod
803 3778 897 3879 ederi,
920 3814 998 3865 etiam
1018 3812 1070 3866 hoc
1091 3812 1227 3876 declarat,
1246 3811 1403 3866 dividentes

301 3889 414 3948 atquae
442 3897 458 3932 a
484 3897 585 3935 summo
614 3885 718 3951 priores
746 3893 841 3936 ustura
864 3892 925 3937 sunl
948 3885 1138 3938 adnumerum
1164 3884 1236 3935 iulra
1254 3884 1403 3936 divisarum

298 3967 330 4007 ee
347 3966 475 4020 aequare.
511 3960 614 4005 temere
632 3962 659 4006 et
678 3956 786 4007 indocte
806 3957 930 4023 quidem,
949 3963 976 4007 at
995 3956 1068 4008 lacit.
1105 3954 1246 4023 pluralem,
1268 3954 1301 4006 ll.
1313 3955 1404 4008 llari.

299 4038 358 4076 mus
378 4024 417 4076 ait
435 4037 496 4075 etse
512 4024 590 4076 deum
602 4029 753 4095 unumquod
775 4043 809 4078 ue
832 4041 922 4078 eorum
941 4043 1011 4095 quac
1029 4034 1090 4078 sunl
1102 4027 1278 4094 praecognito
1300 4035 1405 4079 eventu

295 4093 745 4167 muliplicentem,1uunereimpr
783 4105 837 4150 tum
853 4113 933 4152 unum
951 4105 982 4151 ut
993 4097 1078 4153 sulem
1096 4097 1193 4153 multos
1212 4097 1301 4152 nuiss
1320 4099 1405 4153 cruit-
