3017 4759
260 216 335 302 sol
555 227 781 296 memnoni
814 225 1043 297 casoontn

260 388 442 477 συνάφεευν
464 387 581 470 μετοξύ
612 387 762 474 σχετικήν
791 390 943 472 ου’δεμίυν
974 390 1165 474 ήλευκοεης
1189 385 1257 473 ἔχει
1280 383 1363 468 πρὸς

261 491 297 558 τὸ
318 494 513 577 αἰσθητικόν,
535 485 714 574 α’νυγκοιλος
734 492 947 578 ἐφελκομένην
978 490 1017 557 τοὶ
1031 485 1121 572 οἴκρα
1141 491 1223 573 ’πρός
1245 484 1363 574 ἑαυτήν

263 589 457 679 (ἓτερονενὲς
475 590 537 675 γὰρ
560 588 708 674 ἑκάτερον
724 590 904 679 ἐκατέρου),
926 587 1024 670 οὕτως
1044 586 1113 656 os'd’
1135 595 1202 658 ε’κεῖ
1220 591 1300 674 πρὸς
1325 589 1360 654 τὸ

194 682 316 779 Ιῑτής
336 695 449 768 οὕσιάς
463 693 580 777 ἀμερὲς
601 695 636 759 sd
654 684 754 780 ἥκιστ’
775 692 862 778 ἔχειν
877 695 1044 770 ου’σιοήδεις
1058 695 1228 780 διαφοράς.
1250 690 1361 756 ἔπειτα

196 835 205 854 1
260 799 316 862 κατ’
335 794 394 881 τήν
414 799 506 862 θείειν
529 794 642 859 ου’σιόν
667 798 836 880 διαφέρειν
856 790 1028 882 φάσκοντες
1047 796 1111 860 τῶν
1128 818 1161 858 τε
1182 795 1390 876 ε’γκοσμίοονῦ

259 896 316 965 κατ’
335 897 555 979 ὖπερκοσμίων
590 900 700 962 ποισοὸν
730 899 865 978 ου’σιοὸν,
884 896 1012 984 οιῖδοιμή
1036 899 1080 982 τῷ
1108 896 1227 979 ταύτης
1247 896 1366 975 οἶμερεῖ

259 1001 469 1083 ἐνοχλοῦμεν·
513 1000 632 1082 ταύτης
651 997 713 1082 γὰρ
746 997 781 1062 τὸ
804 999 919 1080 ε’μερὲς
948 997 987 1060 ου’
1010 993 1091 1062 κατὰ
1117 993 1175 1072 τοὶς
1194 999 1228 1060 ἐν
1250 991 1359 1079 κόσμῳ

248 1096 375 1174 ’τούτοις
396 1093 645 1180 ἆτόμουςεστίν
667 1100 780 1176 ου’σιόις
803 1101 943 1184 (η’λίθιον
965 1095 1027 1182 μοὶρ
1049 1097 1105 1164 κοιί
1123 1105 1206 1164 νοεῖν
1228 1099 1284 1159 καί
1305 1097 1361 1159 λε’-

257 1223 323 1285 νειν
350 1199 469 1285 τουτί),
502 1201 572 1264 ἀλλ’
605 1195 654 1265 ὅτι
676 1199 846 1281 σι’συήμοτὸν
866 1224 899 1265 τε
929 1203 983 1266 κοιί
1003 1194 1117 1282 dapason
1145 1199 1201 1263 κατ’
1220 1186 1361 1279 ἄναρχον

194 1312 198 1318 ’
258 1300 314 1366 καί
335 1300 572 1383 οἶπερίνροπτον
600 1304 657 1364 καί
686 1297 881 1384 ὖπερυιὶσιον
916 1303 970 1366 καί
992 1299 1116 1365 πάντων
1147 1295 1260 1384 ήκιστα
1288 1297 1410 1380 o‘pt-to

257 1408 350 1480 σμοῖς
368 1403 424 1464 κου’
443 1408 609 1484 μερισμοῖς
626 1410 782 1484 τεχνικοῖς
807 1398 991 1482 desudatos,
1005 1400 1084 1484 πλήν
1107 1401 1137 1466 εἰ
1157 1397 1202 1484 μή
1226 1396 1280 1463 διοὶ
1302 1398 1361 1481 τήν

260 1503 304 1588 spi
330 1502 408 1588 θείην
430 1505 590 1591 Βαοιλείφ
612 1498 963 1586 συγκοιτυβατικοὶτερον
985 1506 1043 1586 μέν
1062 1528 1132 1569 τινα
1154 1503 1279 1586 τρόπον,
1300 1504 1361 1580 ε’μ-

258 1599 448 1687 φιλοσόφοις
468 1604 496 1665 d'
520 1596 577 1666 oda
599 1601 655 1667 καί
673 1607 741 1668 κατ’
762 1601 937 1688 ἐπιστήμην
956 1602 1196 1690 ἐξενηνεγμένην
1210 1605 1361 1688 οἰιοφσν-

183 1768 188 1779 ,
256 1699 347 1786 τικήν
374 1702 490 1787 ῥῆσιν,
521 1704 564 1778 ὥς
587 1705 642 1768 ε’πί
669 1711 725 1789 τής
745 1706 848 1790 ἁπλής
870 1707 925 1770 καί
945 1705 1119 1787 ἀσωμάτου
1147 1706 1276 1792 φύσεως
1304 1702 1360 1770 τόν

259 1800 357 1866 ου’τόν
379 1802 517 1888 ή,ου’σεὀ
538 1806 578 1892 τῇ
600 1805 740 1894 ἐνεργείᾳ
761 1809 889 1887 δέχεται
909 1803 1024 1890 λόγον,
1047 1804 1128 1890 φαίη
1150 1829 1198 1880 τις
1221 1799 1262 1870 ds
1285 1803 1359 1888 ὄρι-
1370 1815 1408 1870 15

102 1974 104 1981 ,
131 1901 389 1984 λλλλκιζόμενος
408 1902 452 1979 ὥς
474 1902 606 1988 πρᾶγμά
627 1929 662 1988 γε
681 1904 730 1990 εἴη
752 1905 985 1990 υιῖθύποιρκιυν
1016 1907 1034 1992 ή
1059 1908 1152 1971 ου’σιό
1171 1905 1215 1991 μή
1241 1908 1360 1987 δεόμε-

193 2015 312 2069 ’Osos
338 1999 447 2086 ἑτέρου
475 2002 554 2088 πρὸς
587 2002 751 2072 ου’στοισιν.
809 2011 912 2098 ἐκείνη
944 2006 1004 2093 γὰρ
1040 2009 1120 2096 μόνῃ
1149 2011 1189 2095 ιη’
1210 2010 1284 2097 θείᾳ
1303 2011 1361 2074 κατ’

259 2103 470 2193 ἁπλουστάτη
492 2104 592 2193 φύσει
617 2104 672 2170 τόν
705 2112 849 2174 τοιοῦτον
880 2107 1050 2194 προσήκειν
1082 2112 1190 2194 φαμὲν
1214 2106 1360 2191 ὁρισμόν,

255 2201 350 2293 ἑτέρη
373 2207 402 2269 d'
424 2205 558 2300 οὐδεμιᾷ
580 2233 643 2273 των
664 2211 798 2272 κτιστῶν
825 2204 967 2277 οἷποισεὸν.
1017 2207 1166 2274 σύνθετοι
1185 2207 1246 2293 γὰρ
1269 2205 1359 2272 ἅπα-

256 2331 324 2387 σοι,
347 2309 411 2372 πᾶν
427 2310 463 2373 δὲ
485 2309 638 2374 σύνθετον
672 2312 706 2402 εἰι
728 2309 897 2396 διαφόρων
917 2307 984 2393 ἔχει
1007 2307 1041 2376 sd
1062 2303 1166 2375 εἶναι·
1209 2299 1262 2395 Ιοὖν
1281 2304 1407 2382 ἵκοι-νο

256 2435 317 2475 oro
339 2411 442 2474 detrec
457 2407 613 2494 α’λλήλονν.
666 2413 724 2475 ου’κ
746 2405 785 2475 ἂν
807 2404 863 2476 οὖν
886 2412 1017 2476 avertet
1039 2408 1088 2495 εἴη
1120 2403 1194 2476 οὔτε
1214 2405 1252 2476 sd
1273 2413 1358 2494 μέρη

256 2504 330 2575 οὔθ’
351 2505 425 2574 ὅλον
446 2512 479 2587 ἐξ
501 2511 616 2576 ε’νδεοόν
637 2508 929 2596 συμπληρούμενον.
982 2515 1072 2597 σοφή
1101 2508 1164 2594 γὰρ
1195 2508 1251 2595 τήν
1273 2509 1359 2574 ‹tut-

255 2615 353 2691 δειξιν
371 2609 441 2692 ἔχει
459 2614 519 2676 τοῦ
551 2610 627 2696 πρὶν
657 2616 714 2698 τής
736 2609 877 2678 ἑκάστων
900 2611 1028 2678 ἐκείνων
1050 2606 1233 2699 προσθήκης
1254 2610 1359 2687 ἐνδεὲς

256 2918 472 2974 coniunctionem
496 2934 566 2990 quae
594 2935 694 2975 sumtus
711 2920 761 2974 illa
778 2938 829 2991 per
854 2938 885 2976 se
903 2921 936 2974 ad
954 2935 1061 2976 sensnm
1079 2920 1168 2974 trabat
1183 2918 1286 2974 nnllam
1304 2920 1356 2974 lm.

255 2992 322 3056 bet,
347 2991 483 3046 diversum
503 2994 574 3045 enim
590 3001 750 3063 utrumque,
777 2995 814 3045 ita
833 3010 922 3063 nequa
941 2994 973 3046 ad
993 2993 1175 3048 essentialiter
1192 2993 1355 3060 impartitum

256 3079 316 3117 esse
334 3071 438 3130 spectet
455 3065 563 3116 minime
585 3063 686 3117 babere
714 3064 873 3117 essentiales
900 3068 1055 3119 varietates.
1091 3066 1153 3117 dein
1171 3065 1289 3118 divinam
1308 3080 1356 3115 es.

254 3136 367 3189 sentiam
394 3136 502 3187 dillerra
530 3136 650 3188 dicentes
667 3136 699 3187 ab
720 3137 885 3189 naturalibus
915 3145 942 3188 et
965 3135 1213 3212 supernaturalibus
1232 3135 1355 3188 omnibus

256 3207 395 3271 essentiis,
416 3207 535 3258 eiusdem
555 3208 715 3272 impartitum
734 3210 841 3260 minime
859 3210 1012 3275 premimus.
1055 3209 1216 3275 impartitum
1242 3214 1355 3258 estnon

255 3277 399 3335 secundum
420 3276 466 3328 b‘as
487 3279 632 3337 inmundo
653 3278 828 3332 elementales
850 3274 1000 3332 essentiam
1014 3279 1123 3332 stultum
1144 3287 1185 3331 est
1204 3279 1255 3329 boc
1275 3278 1354 3346 eogi-

253 3357 312 3402 tare
331 3356 377 3399 aut
398 3347 505 3412 dicere,
523 3349 571 3400 sed
590 3351 661 3417 qnod
679 3349 866 3419 incorporeum
886 3361 912 3404 et
932 3351 1107 3403 immateriale
1126 3360 1153 3403 et
1169 3359 1305 3403 aeternnm
1327 3357 1355 3402 et

254 3419 419 3472 indefinitum
441 3426 468 3470 et
481 3421 738 3491 supersubstantiale
758 3431 785 3474 et
803 3423 885 3474 nullis
907 3425 1014 3476 omnino
1036 3423 1132 3477 finibus
1152 3431 1179 3475 ct
1196 3423 1261 3473 srtis
1279 3420 1354 3474 divi.

254 3490 374 3545 sionibus
394 3491 538 3544 obnoxium
558 3500 608 3544 est.
644 3494 697 3544 nisi
716 3501 826 3561 propter
845 3494 1051 3562 explicationem
1069 3495 1102 3547 l).
1115 3494 1210 3547 basilii
1228 3493 1261 3546 ad
1289 3492 1354 3559 pbi-

254 3562 406 3630 losopbism
426 3571 454 3614 et
472 3564 618 3615 doctrinam
636 3566 721 3632 magis
738 3567 979 3631 accommodatam,
997 3568 1026 3618 in
1044 3565 1160 3633 simplici
1178 3573 1206 3618 et
1223 3566 1353 3631 incorpo.
1380 3604 1388 3618 ,

254 3650 301 3688 rea
326 3643 421 3688 natura
449 3635 592 3688 essentiam
613 3637 724 3686 eandem
743 3638 771 3688 ri
790 3652 838 3688 sua
857 3637 1039 3689 definitionem
1058 3639 1201 3704 accipere,
1221 3637 1353 3705 quispiam

254 3705 409 3759 definiturus
429 3707 548 3772 dixerit,
571 3708 713 3760 essentiam
735 3721 870 3759 cesarem
889 3725 938 3775 per
956 3726 986 3762 se
1006 3711 1175 3773 existentem,
1194 3723 1247 3759 non
1266 3706 1353 3758 altero

253 3778 286 3830 ad
307 3779 475 3831 existentiam
494 3793 561 3846 opus
581 3778 732 3831 habentem.
776 3781 827 3830 soli
849 3781 918 3831 enim
946 3781 1054 3832 divinae
1072 3780 1114 3832 illi
1134 3788 1161 3830 et
1181 3779 1353 3847 simplicissi-

253 3864 312 3902 mae
330 3858 441 3902 naturae
460 3849 541 3901 talem
564 3867 624 3902 esse
643 3850 814 3902 definitonem
827 3851 947 3916 dicimus,
965 3851 1044 3905 alteri
1065 3852 1182 3903 omnium
1203 3858 1354 3904 creatorum

253 3921 332 3974 nulli.
378 3922 542 3988 compositae
571 3924 641 3973 enlm
668 3935 770 3974 omnes.
813 3935 891 3974 omne
909 3931 998 3975 antem
1025 3923 1199 3991 compositum
1219 3937 1253 3974 ex
1271 3921 1353 3974 variis
1440 3923 1447 3934 '

254 3991 335 4045 babet
354 4007 425 4056 esse,
443 3991 557 4042 alterum
576 3994 663 4046 altero
684 3993 795 4061 indiget.
832 4009 887 4060 non
907 3997 989 4064 igitur
1010 4008 1064 4046 non
1083 3995 1191 4063 indigae
1209 4000 1271 4046 sunt
1289 4007 1355 4060 par.

144 4103 149 4109 .
255 4071 297 4115 tes
316 4079 367 4116 nec
386 4072 471 4116 totum
490 4077 524 4114 ex
541 4064 640 4133 indigis
658 4065 843 4132 compositum.
873 4075 992 4134 apertum
1012 4067 1083 4118 enirn
1101 4073 1284 4135 argumentum
1303 4064 1355 4115 ba.

255 4133 312 4199 bat,
329 4150 361 4189 se
378 4144 458 4190 antea
476 4136 593 4188 omnium
611 4136 721 4190 illorum
739 4139 905 4194 accessionis
924 4139 1008 4192 luisse
1025 4139 1145 4208 indigum
1167 4146 1195 4192 et
1211 4135 1290 4194 simul
1308 4137 1355 4194 in-
