3017 4759
321 185 395 306 sio
515 231 520 241 ’
589 229 848 302 ἰιιοιιιιοιιι
880 227 1112 300 curucam

323 397 434 466 οέσίαν
456 400 513 464 κατ’
530 389 612 461 ἀλλο
627 397 787 479 ἐνέργειαν
807 399 871 459 τῶν
892 395 991 466 πάλαι
1011 397 1108 478 τινές,
1132 393 1175 471 ἀς
1198 395 1252 460 ἐπὶ
1271 398 1336 460 τάν
1360 419 1436 460 σω-

321 509 461 580 ματικῶς
480 502 736 583 θεωρουμένων,
771 494 854 562 οὕτω
877 494 918 580 δη
940 494 1021 560 κάπέ
1039 499 1095 582 apsi
1122 500 1213 560 θιίου
1243 491 1336 580 λόγον
1360 500 1434 562 ε’τί-

323 605 444 672 θονιοξ,
474 595 552 681 ὅπερ
575 608 638 672 τοῖς
660 599 825 678 εέσεβέσιν
848 593 1030 680 ἀπείρηται.
1074 595 1129 660 ἐπέ
1144 593 1205 678 γάρ
1227 601 1290 661 τῶν
1314 597 1434 662 ἀπλῶν

218 731 226 740 ι
323 700 379 765 καί
399 697 577 781 ἀσωμάτων
608 703 641 763 ἐν
674 698 780 762 ον’δενέ
808 700 976 783 διαφέρειν
1007 694 1136 762 ἴσασιν·
1179 699 1220 761 ου’
1239 698 1301 782 γὰρ
1326 701 1433 782 διορι.

323 805 415 866 orior
439 803 541 868 ταῦτα
565 799 721 883 ἀλλήλων,
742 800 796 864 ἵνα
818 796 863 881 μη“
887 794 1041 863 σύνθετον
1069 797 1206 883 edente
1230 803 1336 864 πᾶσαν
1361 799 1461 863 οἶα-5

323 901 577 986 λα’τηταινοῆται.
633 892 705 964 οὔτε
735 899 807 985 γὰρ
831 898 849 983 ἦ
872 902 945 963 θεία
969 897 1064 964 οέοία
1088 899 1286 984 ἀνενὲργηιος
1307 899 1368 992 εἴη
1392 895 1434 964 ιῖν

203 1047 226 1070 ..
257 1011 408 1082 maore,
432 996 498 1066 οὔτ’
522 999 666 1077 ἀνοάσιος
687 1000 714 1085 ’ἦ
738 999 910 1083 ἐνέργιια.”
965 999 1091 1074 ἀκούεις
1114 1005 1176 1065 τῶν
1196 999 1291 1084 ἐεριόν
1315 1005 1434 1068 διδασ.

323 1101 427 1168 κάλων
456 1104 513 1183 τῆς
542 1103 706 1185 ἐκκλησίας
726 1099 814 1184 παρὰ
837 1102 987 1166 τοσοῦτον
1009 1103 1047 1186 τῇ
1074 1101 1168 1190 οδσίρι
1191 1100 1248 1186 την
1267 1103 1434 1187 ἐνέργειαν

324 1199 357 1266 ἐν
375 1206 430 1266 καί
447 1199 566 1268 ταάιδν
587 1205 640 1266 ἐπί
662 1207 745 1267 θεοιῖ
769 1201 1040 1285 δογματιζόνιων,
1063 1209 1138 1284 παρ’
1159 1196 1232 1269 ὅσον
1253 1208 1308 1268 καί
1330 1209 1434 1269 ndre-

323 1305 466 1387 νέργειαν
495 1308 627 1368 καλοῦσι
650 1302 702 1367 διά
725 1302 782 1386 τήν
827 1299 930 1385 ἀκραν
958 1300 1154 1388 ιανιόιητα,
1185 1304 1228 1379 ἀς
1259 1307 1335 1388 μηδ’
1364 1298 1476 1389 ἀχ-ιθ

325 1428 375 1489 ρις
398 1408 538 1479 ἐπινοίας
555 1403 774 1489 παρακύπτειν
803 1408 872 1470 ἐκεῖ
895 1407 1072 1489 δυναμένης
1101 1407 1262 1491 διαφορᾶς
1287 1403 1434 1471 cinaeos.

226 1529 231 1535 ·
291 1588 293 1592 Ι
324 1500 451 1580 ἀκούεις
483 1509 513 1568 δ’
544 1503 591 1572 ἔτι
625 1506 680 1570 καί
712 1499 789 1590 ὅπερ
821 1529 872 1572 σοι
904 1506 1050 1589 ἀνωτέρω
1091 1507 1329 1591 δεδηλώκαμεν·
1386 1509 1429 1572 οὐ

323 1605 384 1690 γὰρ
417 1604 521 1688 ἔλεγες
557 1609 763 1690 ἀνενέργηιον
794 1605 856 1673 τότ’
886 1595 966 1670 εἶναι
998 1603 1056 1690 την
1086 1610 1334 1688 θειάνμοῖλλον
1370 1611 1433 1670 ου’-

325 1709 398 1772 σίαν
434 1701 510 1770 ὅταν
543 1709 576 1770 ἐν
609 1712 663 1771 καί
690 1706 803 1772 ταάιὸν
832 1712 959 1792 λέγηται
990 1698 1107 1792 ὅμφω,
1141 1705 1280 1773 τότεδ
1318 1710 1432 1793 ένεργῆ
1500 1697 1502 1703 ⁸

327 1802 406 1872 ὅταν
431 1798 452 1894 ᾗ
480 1809 671 1896 διῃρημένα,
695 1816 826 1892 πρᾶγμα
856 1800 1135 1892 τερατωδέσταιάν
1166 1833 1198 1872 ιε
1219 1809 1274 1874 καί
1300 1810 1476 1890 opust-15

325 1931 454 1984 στατον,
476 1906 531 1971 καί
549 1908 594 1991 μή
618 1913 721 1974 πᾶσαν
750 1905 846 1989 μόνον
869 1908 1034 1992 ἐκπλῆττον
1057 1908 1154 1992 ἀκοην
1183 1912 1222 1997 τῇ
1243 1909 1431 2002 ἀβελτηρίφ,

327 2003 376 2072 δτι
397 2006 442 2094 μη
466 2012 521 2075 καί
541 2008 616 2085 τούς
638 2010 760 2096 σοφοές
782 2013 930 2076 τουτουσί
948 2008 1160 2086 διδασκάλους
1186 2012 1242 2094 τῆς
1262 2013 1431 2095 ἐκκλησίας

326 2112 690 2205 συκοφαντοῦνάδιυξς·
735 2113 774 2175 ου’
798 2112 859 2196 γάρ
882 2115 1058 2194 διοριστέον
1078 2112 1178 2176 ταῦτα
1205 2111 1304 2197 φασίν
1326 2111 1431 2195 ἀλλη-

330 2215 431 2277 λων’
415 2221 536 2294 εκεῖνοι,
560 2213 611 2277 ἵνα
632 2238 665 2278 ιι
684 2215 766 2298 μήτε
795 2212 948 2278 σύνθετον
970 2210 1004 2276 τὸ
1034 2211 1112 2296 ὑπὲρ
1141 2215 1247 2278 πᾶσαν
1270 2211 1432 2297 ἁπλότητα

210 2317 453 2398 t.1.45rcoqcot,
476 2339 527 2377 και
554 2314 605 2378 ἵνα
626 2311 708 2397 μηθ’
737 2314 756 2397 ἦ
792 2313 886 2379 ου’σία
912 2313 1113 2398 ἀνινέργηιος
1135 2312 1184 2396 εἰη
1206 2337 1252 2376 ιιν
1263 2335 1337 2376 ποτε
1356 2338 1424 2395 μητ
1426 2316 1475 2383 20

330 2410 479 2490 ἀκούσιος
500 2415 519 2498 ἦ
542 2418 694 2538 ἐνέργειαι.
748 2442 769 2458 ’-

263 2527 318 2611 §1
429 2515 523 2600 Πρὸς
546 2522 644 2580 corito
676 2515 692 2580 ὅ
717 2519 882 2596 Παλαμιῖς
910 2514 1079 2598 ἀντιλέγων
1103 2514 1204 2580 κοινὸν
1231 2517 1291 2596 μέν
1314 2512 1433 2601 ἔφησεν

330 2786 478 2856 priscorum
503 2786 607 2854 qnidam
633 2794 664 2838 nt
694 2787 722 2840 in
748 2788 782 2838 iis
809 2803 877 2856 quae
904 2789 931 2839 in
963 2785 1119 2870 corporibus
1148 2785 1362 2870 perspiciuntur,
1393 2787 1431 2839 ita

333 2857 411 2910 etiam
431 2859 458 2908 in
478 2857 567 2909 divina
586 2858 690 2910 ratione
710 2867 866 2942 posuerunt,
886 2859 912 2910 id
931 2857 1001 2927 quod
1022 2855 1059 2924 pii
1078 2858 1157 2909 vetiti
1178 2863 1254 2909 sunt.
1277 2857 1303 2908 in
1323 2857 1430 2924 simpli.

330 2924 407 2982 cibus
427 2931 496 2980 enim
517 2937 544 2980 et
563 2929 731 2997 incorporeis
749 2929 835 2982 nullo
846 2931 924 2982 modo
944 2929 992 2982 iliu
1012 2929 1119 2982 diversa
1139 2943 1198 2980 esse
1221 2927 1318 2991 sciunt,
1341 2944 1430 3012 neque

334 3001 403 3052 euim
422 3001 609 3078 distinguenda
627 3009 689 3053 sunt
707 3016 767 3052 ase
787 3001 902 3052 invicem
921 3000 1003 3065 haec,
1033 3017 1068 3052 ne
1098 3000 1273 3066 compositum
1295 3001 1430 3082 cogitetur

330 3072 358 3124 id
377 3073 447 3139 quod
478 3085 582 3122 omnem
606 3071 803 3138 simplieitatem
830 3080 953 3138 superat,
981 3088 1070 3140 nequo
1100 3072 1169 3122 enim
1197 3070 1288 3122 divina
1314 3072 1430 3122 essentia

331 3158 446 3210 unquam
469 3157 529 3193 esse
548 3149 636 3209 potest
658 3143 805 3207 inefficax,
833 3159 922 3210 neque
948 3143 1093 3195 efficientia
1120 3141 1311 3193 inessentiaiis.
1354 3143 1428 3192 nudis

332 3220 438 3266 sanctos
458 3212 593 3264 ecciesiae
612 3223 802 3281 praeceptores
820 3221 921 3266 tentum
940 3229 998 3265 cnm
1021 3215 1138 3265 essentia
1159 3213 1329 3264 efficientiam
1348 3228 1429 3263 unum

331 3283 455 3350 idemque
475 3298 535 3334 csse
553 3284 580 3334 in
597 3283 648 3335 deo
669 3293 822 3350 censentes,
841 3293 965 3357 quantum
985 3286 1062 3336 etiarn
1082 3285 1166 3351 ipsam
1185 3283 1357 3366 efficientiam
1376 3299 1428 3334 vo.

333 3359 395 3404 cant
413 3368 470 3403 eam
488 3363 599 3420 propter
618 3371 746 3406 summum
765 3351 924 3409 discriminis
932 3355 1097 3425 deiectum,
1118 3356 1155 3407 ita
1174 3363 1203 3405 ut
1222 3370 1256 3405 ne
1275 3355 1302 3405 in
1322 3356 1428 3424 cogita-

332 3425 432 3476 tionem
459 3425 603 3508 quidem
595 3428 732 3478 insinnare
758 3426 796 3478 ibi
824 3428 909 3494 possit
937 3428 1086 3479 differentia
1112 3424 1321 3493 qualiscunque;
1355 3427 1429 3477 audis

331 3510 413 3564 porro
433 3497 513 3548 etium
533 3495 575 3547 id
571 3497 649 3563 qnod
667 3511 747 3564 supra
766 3497 814 3549 tibi
836 3498 1083 3549 demonstravimus.
1122 3503 1150 3547 tu
1170 3498 1240 3548 enim
1259 3495 1393 3548 dicebas
1385 3512 1428 3549 rn-

333 3567 470 3620 efficacem
497 3574 551 3619 torn
576 3582 637 3618 esse
661 3569 778 3620 divinem
807 3569 896 3635 potins
922 3567 1079 3631 essentiam,
1117 3581 1175 3617 cnm
1208 3568 1329 3618 dicentur
1353 3567 1428 3618 ambo

333 3655 413 3691 nnum
429 3640 554 3706 idemque
575 3654 644 3702 esse,
664 3647 718 3690 tum
736 3647 823 3691 autem
838 3640 992 3703 efficacem,
1019 3654 1078 3689 curn
1099 3638 1274 3690 sintdiriso:
1298 3653 1429 3705 quaeres

335 3719 377 3762 est
394 3710 517 3762 miraculi
538 3717 564 3762 et
577 3711 746 3778 ignorantiae
764 3710 919 3792 plenissima
939 3717 965 3761 et
984 3723 1052 3777 quoe
1071 3717 1172 3762 tantum
1190 3723 1244 3760 non
1256 3723 1347 3762 omncs
1364 3725 1429 3775 per.

334 3782 425 3833 turbet
443 3796 522 3833 eures
541 3782 681 3844 stultitiae,
701 3781 785 3832 multo
805 3767 889 3850 magis
909 3783 987 3833 etiam
1008 3782 1144 3847 sopientes
1172 3779 1221 3831 hos
1240 3789 1431 3847 praeceptores

335 3851 469 3904 ecclesias
493 3853 648 3903 criminetur
674 3853 858 3919 impudenter,
882 3853 1059 3936 nequeenim
1080 3851 1265 3920 distinguenda
1286 3866 1346 3903 esse
1364 3851 1432 3902 haec
1501 3891 1502 3914 η

331 3915 425 3974 dicrint
444 3920 520 3992 iiiia
544 3924 726 3988 seinvicem,
752 3937 787 3973 ne
811 3925 985 3990 compositum
1005 3925 1137 3992 cogitetur
1157 3922 1227 3990 qnod
1247 3935 1350 3973 omnem
1368 3923 1434 3974 sim.
1501 3923 1502 3945 ¹

329 3992 480 4062 plicitatem
499 4000 626 4058 superat,
647 4008 718 4046 neve
743 4008 858 4060 unquam
877 3995 1018 4062 sitneque
1038 3993 1154 4046 essentis
1173 3993 1316 4060 inefficax,
1345 4008 1434 4060 neque

288 4063 482 4119 weidcientia
502 4063 691 4116 inessentialis.

434 4152 475 4207 Ad
494 4151 562 4204 hoec
577 4148 697 4208 Pnlsmns
715 4150 901 4222 respondens:
922 4167 1061 4210 commune
1079 4170 1138 4212 erse
1151 4155 1246 4226 dogma
1265 4160 1436 4208 externorum
