3017 4759
163 285 175 296 ,
239 207 464 285 arsroarts
488 189 953 283 ermeneumata.
977 199 1044 280 ta.
1144 210 1195 283 ss

93 372 180 448 ’τειλκς
200 372 257 440 καί
277 376 384 449 πόλεις
409 378 464 441 καί
481 375 630 457 η’πείρους
653 377 676 413 “
693 374 748 438 καί
769 371 884 456 νήσους
899 372 955 439 καί
974 376 1041 460 ίδίρι
1064 374 1119 438 καί
1139 378 1228 458 ‹lq-f.
1242 388 1327 446 1032.

94 474 203 560 μοσίρι,
228 474 485 557 ύνατρεπὸμενον
507 478 536 538 d'
555 467 599 537 αύ
631 475 749 551 ὀξείαις
772 479 1005 557 συνανατρέπει
1027 471 1140 561 ῥοπαῖς
1160 476 1199 541 τά

95 599 132 637 τε
152 575 240 639 κοινοὶ
264 578 319 640 καί
341 577 416 640 καθ’
438 578 555 641 ἕκαστοι
576 579 638 641 τοῖν
659 574 857 660 πραγμάτων
874 569 934 640 ὅσοι
956 574 1068 642 πόλεσί
1089 602 1124 642 τε
1146 576 1203 642 καί

97 677 270 751 πολιτείαις
286 672 518 755 ἕγκαλινδεῑται
531 676 814 762 παρανομούμενον,
828 680 963 765 μηδαμῇ
977 687 1044 753 τοῖς
1056 680 1200 764 παρανό-

67 796 170 855 5μοις
186 778 330 841 συνεῖναι
352 775 451 861 φύσιν
467 778 599 861 ἐχούσης
620 781 674 861 τής
696 772 829 859 ἑδραίοις
846 780 998 861 διαμονῆς
1012 784 1068 845 καί
1088 790 1202 865 κρηπῖ-
1242 817 1247 827 -

97 876 163 959 dog,
180 876 248 941 ἀλλ’
262 873 296 940 ἐν
310 878 351 940 ου’
359 881 473 965 μακρῷ
486 882 531 966 τρῖ
544 876 650 968 χρόνῳ
665 878 991 967 ῥᾷστασαλευομίνης
1000 879 1055 944 καί
1070 885 1201 946 διαλυο-

96 982 193 1061 μένης
205 970 329 1061 ἇποὶσης
341 981 489 1060 προνοίας
502 981 699 1064 συνδετικής,
711 972 817 1062 ούσπερ
833 976 986 1060 ἁρμονίας
998 981 1201 1067 ῥηγνυμένων

94 1080 160 1144 ταῖν
179 1080 316 1160 χορδῶν.
342 1082 398 1162 τῆς
417 1076 477 1162 γὰρ
501 1078 641 1143 καθόλου
662 1082 822 1154 πολιτείας
837 1076 1056 1166 ὑγιαινούσης,
1079 1078 1200 1167 ἀνάγκη

97 1173 202 1262 δήπου
225 1178 281 1243 καί
301 1178 340 1243 τύ
361 1181 444 1262 μέρη
475 1182 579 1254 καλῶς
609 1179 818 1245 α’ποιλλοὶττειν
845 1180 1131 1263 συνεξομοιούμενα
1155 1184 1199 1271 τῷ

51 1291 87 1344 10
98 1273 162 1367 disp
171 1326 182 1356 ,
212 1278 357 1363 καθάπερ
382 1272 438 1343 σύν
459 1281 640 1346 τούνοιντίον
660 1281 813 1366 νοσούσης
844 1283 899 1347 καί
920 1284 1001 1348 adad
1025 1293 1199 1364 συννοσεῖν,

99 1377 143 1455 ὥς
165 1382 211 1458 είς
233 1378 412 1464 ἀρχέτυπον
433 1381 490 1465 τήν
510 1386 645 1466 μίμησιν
668 1380 873 1469 ἀναφέροντα
895 1389 951 1448 καί
970 1385 1122 1469 μάρτυρα
1144 1389 1200 1466 βε·
1267 1426 1271 1440 ·

98 1481 243 1565 βαιωτήν
264 1483 319 1563 ιής
341 1486 452 1557 κακίας
475 1488 725 1567 προενηυεγμευοι
755 1483 812 1567 τήν
835 1483 999 1568 πολιτικήν
1022 1483 1125 1570 α’ρχήν
1146 1488 1202 1550 καί

83 1576 305 1648 κατάστασιν.
330 1586 450 1658 δίιιαιος
471 1586 579 1649 τοίνυν
602 1583 619 1646 ὅ
641 1588 751 1667 κύριος
775 1578 835 1665 ιύν,
859 1592 913 1651 καί
934 1583 1139 1661 δικαιοσύνας
1160 1585 1268 1662 sim

101 1682 137 1748 τύ
164 1683 246 1756 εἰκὸς
269 1679 420 1767 ύγαπούυ,
448 1680 541 1775 siquos*-
559 1688 680 1765 μᾶλλον
710 1684 787 1770 ἔθνη
816 1682 838 1749 ἃ
858 1684 1022 1769 μήμόμον
1042 1690 1101 1765 μὲν
1124 1686 1201 1770 ἔχει,

55 1799 92 1851 15
103 1782 203 1871 φύσει
218 1787 252 1849 δὲ
273 1785 312 1848 τὰ
333 1787 387 1849 τού
412 1786 510 1868 νόμου
530 1796 618 1853 ποιεῖ
635 1786 716 1851 κατὰ
733 1787 788 1853 τὸν
807 1793 896 1851 θεῖον
913 1787 1094 1869 α’πύστολον,
1117 1791 1210 1869 μίσεῖ

105 1888 141 1949 δὲ
156 1887 189 1951 οἳ
204 1889 259 1969 ζήν
271 1890 331 1967 μὲν
352 1878 488 1973 ᾕρηνταί
498 1912 532 1952 τε
556 1891 609 1953 καί
628 1891 849 1975 ἐπηγγείλαντο
865 1888 942 1953 κατὰ
959 1889 1031 1964 τούς
1044 1893 1099 1972 τής
1113 1890 1207 1954 εὗσε-

105 1990 197 2069 βειίες
212 1986 355 2069 δεσμούς
373 1991 428 2053 καί
447 1987 582 2071 νόμους,
603 1987 710 2075 ἔργοις
729 1992 757 2053 δ’
780 1990 889 2065 αὐτοῖς
909 1995 1207 2073 καταψευδομένους

105 2091 170 2153 τοῖν
184 2090 384 2171 ε’παγγιλιῶν
410 2094 465 2154 καί
486 2092 731 2171 ἀποσειομένους
749 2090 852 2156 ποίυτα
874 2088 1207 2174 δικαιοσύνηςκανύνα

105 2188 160 2253 καί
182 2185 338 2275 στάθμην.
372 2188 464 2275 ὄγοὶρ
485 2193 687 2276 δικαιοσύνην
704 2190 1065 2278 μὲνδποστρεφύμενος,
1080 2191 1208 2264 οἷδικίοὶς
1278 2186 1291 2202 '

56 2293 137 2355 20d'
158 2290 416 2373 οἷνθαιρούμενος
438 2291 589 2376 κλήρους,
612 2296 667 2357 καί
689 2292 766 2376 μήτε
789 2294 865 2370 τούς
889 2296 996 2367 θείους
1019 2289 1207 2373 αἰδούμενος

104 2386 247 2472 νόμους,
275 2397 478 2478 περιφρονῶν
511 2396 538 2456 δ’
569 2392 769 2478 ἀνθρώπινον
804 2391 932 2459 ἅπασαν
962 2391 1082 2478 τύχην,
1115 2407 1208 2469 ουτος

105 2491 254 2578 ἀφώρισε
274 2496 334 2575 μὲν
355 2486 435 2560 ἓκούν
457 2518 491 2579 γε
514 2488 597 2561 εἶναι
618 2499 699 2560 θεοῦ
725 2498 781 2561 τοῦ
802 2500 857 2581 εής
878 2495 968 2580 δίκης
989 2491 1117 2577 ἔχοντος
1135 2488 1209 2567 τούς

107 2788 153 2827 res
173 2774 312 2827 universas
336 2782 364 2825 et
382 2774 501 2843 singulas
528 2776 643 2840 evertit,
670 2791 738 2843 quae
762 2774 921 2843 illegitimae
945 2776 974 2827 in
1001 2775 1155 2829 civitatibus
1182 2784 1209 2829 et
1290 2804 1294 2809 ·

108 2846 220 2899 urbibus
239 2853 390 2911 versantur,
410 2863 489 2914 quum
507 2846 584 2899 nullo
605 2854 683 2913 pacto
703 2847 794 2912 rebus,
813 2863 881 2915 quae
904 2845 960 2915 legi
981 2846 1140 2925 repugpant,
1159 2849 1208 2900 fir.
1288 2875 1293 2885 =

107 2932 179 2969 mum
198 2926 278 2986 atque
296 2916 393 2970 stabile
413 2918 609 2972 fundamentum
617 2918 729 2971 subesse
748 2919 843 2986 possit,
861 2920 909 2971 sed
926 2918 1003 2969 brevi
1021 2926 1209 2984 temporeom.

107 2991 152 3041 nis
171 2990 356 3055 providentia,
378 3006 446 3057 quae
464 2990 655 3057 rempublicam
675 2991 820 3052 contineat,
839 2990 872 3041 iis
894 2989 1044 3056 exagitetur
1064 2996 1090 3039 et
1108 2988 1209 3041 dissol-

108 3069 189 3113 vatur
207 3060 361 3113 harmoniae
380 3063 472 3127 instar,
491 3079 570 3131 quum
590 3062 706 3114 chordae
728 3062 919 3126 dirumpuntur.
956 3068 987 3110 ut
1005 3061 1208 3124 enim,sitotum

110 3134 230 3185 civitatis
251 3148 347 3201 corpus
367 3148 457 3185 sanum
478 3142 527 3198 est,
548 3136 627 3185 etiam
646 3132 763 3185 membra
783 3148 841 3183 cum
862 3147 894 3182 eo
923 3132 1112 3183 concordantia
1138 3133 1208 3184 hene

110 3220 173 3258 sese
193 3203 291 3257 habere
309 3221 423 3258 necesse
443 3216 501 3270 est,
520 3206 565 3257 ‘sic
585 3213 695 3270 contra,
715 3204 760 3255 ubi
781 3202 848 3255 illud
867 3213 1007 3272 aegrotat,
1035 3206 1113 3255 etiam
1141 3204 1209 3256 haec

109 3292 165 3328 non
183 3285 295 3342 possunt
312 3291 366 3327 uon
384 3293 466 3345 aegre
485 3278 580 3328 allecta
599 3293 677 3341 csse,
703 3278 802 3344 quippe
820 3292 888 3343 quae
908 3276 935 3325 id
953 3286 1077 3344 tanquam
1097 3278 1209 3345 primum

111 3348 243 3416 quoddam
264 3347 399 3415 exemplar
417 3350 553 3401 imitentur
573 3358 653 3417 atque
672 3349 790 3400 civitatis
809 3347 1030 3417 gubernationem
1056 3364 1087 3399 ac
1113 3356 1210 3399 statum

111 3428 142 3470 ut
160 3420 314 3471 vitiositatis
333 3428 428 3471 testem
447 3420 686 3488 locupletissimum
708 3418 854 3485 proferant.
893 3419 1013 3470 dominus
1033 3428 1137 3483 autem,
1165 3418 1211 3486 qui

82 3504 84 3509 ’
111 3493 198 3541 iustus
218 3498 258 3542 est
277 3499 313 3557 et,
332 3499 362 3542 ut
380 3500 596 3556 consentaneum,
616 3492 743 3543 iustitiam
762 3498 841 3554 amat,
861 3491 893 3541 ad
912 3492 1037 3542 maiorem
1056 3491 1212 3541 felicitatem

114 3560 208 3612 evehit
226 3562 352 3629 gentiles,
373 3566 427 3631 qui,
448 3570 477 3614 ut
497 3565 658 3616 aitsanctus
677 3562 826 3628 apostolus,
835 3578 990 3630 quamquam
1000 3562 1100 3613 nullam
1114 3560 1212 3612 habent

112 3631 214 3699 legem,
233 3640 320 3686 tamen
340 3644 434 3687 natura
454 3636 521 3687 duce
542 3637 599 3687 eins
619 3636 771 3701 praeceptis
793 3634 985 3700 obsequuntur,
1005 3634 1061 3685 odit
1080 3648 1145 3685 vero
1166 3643 1212 3683 eos

114 3704 161 3770 qui
182 3704 286 3769 quidem
303 3707 380 3775 in'sc
411 3714 588 3774 susceperunt
606 3716 685 3775 atque
704 3705 819 3772 professi
840 3714 901 3756 sunt
920 3720 949 3757 se
973 3706 1116 3757 secuudum
1144 3703 1213 3756 reli-

114 3775 205 3841 gionis
224 3775 345 3827 instituta
367 3776 498 3845 legesque
519 3794 577 3830 esse
597 3780 727 3842 victuros,
747 3776 1134 3843 actionibustamenpromissa
1152 3775 1213 3827 elu-

114 3848 180 3897 dunt
200 3854 227 3896 et
246 3861 337 3899 omnes
356 3850 474 3901 iustitiae
492 3865 598 3902 normas
617 3867 648 3901 ac
667 3847 777 3917 regulas
797 3848 935 3899 abiiciunt.
973 3849 1017 3914 qui
1046 3850 1113 3899 enim
1133 3849 1215 3901 iusti-

114 3917 178 3968 tiam
199 3926 339 3969 aversatus
358 3921 506 3973 iniustitiae
526 3920 695 3989 amplectitur
712 3928 798 3972 sortes
821 3927 848 3969 et
867 3916 972 3987 legibus
992 3920 1091 3971 divinis
1116 3920 1214 3986 spretis

115 3989 256 4041 humanam
276 3990 424 4057 quamlibet
445 3992 576 4044 fortunam
597 3992 794 4058 circumspicit,
819 3992 843 4042 is
868 3991 1009 4042 manifesto
1035 4009 1065 4044 se
1088 3989 1216 4042 disiunxit

115 4074 162 4110 sua
186 4068 281 4127 sponte
301 4078 316 4112 a
334 4062 385 4113 deo
405 4062 524 4115 iustitiae
543 4065 638 4115 solium
657 4071 776 4128 tenente,
795 4058 876 4129 atque‘
897 4079 954 4112 cum
979 4062 1085 4114 diabolo
1107 4068 1215 4112 contra-

114 4132 154 4182 xit
172 4130 391 4185 familiaritatem.
429 4150 486 4203 qua¹
501 4136 534 4187 de
554 4150 633 4189 causa
652 4137 679 4188 in
698 4135 750 4187 illa
769 4143 850 4196 terra,
869 4134 915 4184 uhi
934 4134 998 4185 talia
1007 4128 1216 4195 serunturmala,
