3017 4759
228 295 451 366 merueras
479 296 736 367 nuzuurruus
748 295 874 366 xxxrr.
890 282 1078 368 et-tc
1132 285 1208 368 dci

111 456 151 524 τό
178 462 233 546 τῆς
251 463 418 545 μέμψεως,
441 463 474 526 ίν
496 461 533 524 cd
554 464 654 549 καιρῷ
678 464 883 545 βιασαμένων
905 465 1006 545 λέγειν
1027 459 1066 526 τό
1088 464 1127 550 τῇ
1146 460 1213 548 φό-

113 583 161 625 σει
181 564 242 641 μὲν
263 563 394 644 καίρια,
429 553 518 626 cina
539 563 568 626 δ’
599 558 669 628 οόιε
698 572 765 638 τοῖς
795 562 1008 647 καθεστηκόσι
1028 557 1237 648 πρόγμασιν.»
1262 619 1270 628 .
1324 579 1341 629 ,”

112 652 189 727 όνια
209 658 280 729 οότε
302 672 367 740 τοῖς
390 664 543 730 α’κοόοιισι
565 666 687 748 κατ’,ρια
742 669 777 729 όν
797 661 858 748 γόρ
888 669 926 752 τῇ
947 665 1010 729 τόν
1032 663 1212 728 οίνοιιόντιον

109 761 216 853 γνοόμη
250 761 310 849 τήν
333 768 470 830 νικῶσαν
498 762 584 848 ἔχειν
616 770 817 845 ποπεισμεθα
843 771 956 851 ψῆφον
985 761 1028 841 αός
1046 761 1088 830 τό
1109 760 1210 829 πολλοὶ

83 869 253 949 5κειμίνην
274 864 329 950 τὴν
352 867 414 932 τοόν
431 865 596 949 λεγόντων
604 865 769 951 ἀλήθειαν.

210 967 342 1031 Βέλτιον
362 969 422 1046 μὲν
444 959 502 1030 σόν
525 958 618 1052 ἧκόν
639 969 673 1032 όν
693 963 1039 1051 τοῖςτοιοόιοιςσιγόν,
1060 967 1103 1044 αἱς
1127 971 1276 1052 θεοί-ῃ
1318 993 1324 1004 ·

110 1075 222 1154 ληπιοι
242 1094 251 1110 ·
275 1065 385 1133 α’λλ’“
368 1091 419 1134 οτι
443 1068 482 1152 riq*
507 1071 623 1153 καὶτῆς
632 1074 724 1154 σιγῆς
746 1093 776 1135 σι
767 1067 898 1153 ιιαιροί
917 1068 974 1154 τὴν
995 1073 1057 1136 τιόν
1077 1076 1210 1152 λεγομέ-

108 1193 171 1241 ναιν
186 1161 457 1250 ξινοόοχοόνιις’
435 1192 516 1252 ησαν
537 1171 679 1251 α’σμίνως
701 1172 813 1261 φορόν,
835 1175 890 1235 ιιαιΙ
904 1172 943 1234 σιι
962 1195 1018 1291 την
1033 1174 1209 1253 α’ναγιιαίαν

106 1271 163 1334 'rari
184 1272 285 1352 λέγειν
307 1267 508 1351 προόβαλλον
535 1270 710 1390 aucmenta
762 1271 831 1338 όστι
862 1276 922 1356 μὲν
951 1269 1013 1357 γόρ
1037 1277 1099 1338 καί
1116 1275 1251 1356 σιγῆς

63 1391 99 1446 10
108 1393 233 1456 καιρος,
267 1372 335 1436 αλλ’
358 1363 412 1436 όιε
433 1368 474 1489 θη
496 1374 585 1458 σιγῆς
619 1353 782 1455 δεομίνοις
808 1377 983 1459 ακροαταϊς
1009 1371 1206 1458 όντιιγχόνοι,

107 1466 209 1538 ότεδ’
231 1473 329 1552 α’ξίοις
350 1471 404 1537 aci
423 1469 507 1537 ιιόνιι
528 1499 558 1539 τι
580 1472 746 1562 χρῄζουσι.
795 1475 870 1542 ιότι
890 1478 919 1541 δ’
941 1468 1000 1540 οόν
1020 1475 1077 1540 καί
1098 1472 1135 1540 τό
1158 1478 1206 1540 όν·

106 1573 276 1657 δεχόμενον
297 1573 399 1668 είς
365 1599 422 1658 την
443 1598 498 1640 τοιι
521 1574 695 1659 α’ναγιιιιίον
721 1583 839 1659 μοῖραν
859 1580 973 1663 σαφῶς
993 1578 1248 1668 ἀποκεκριμέ-

105 1697 167 1758 νον,
189 1679 304 1802 λέληθα
340 1673 398 1760 την
427 1680 485 1741 τοῦ
511 1675 719 1760 ἐνδεχομένου
752 1675 891 1760 όόνσμιν
911 1677 1163 1760 όπολαιλειιός,“
1142 1675 1215 1740 ιιπό
1266 1724 1289 1787 .

103 1783 159 1862 τῆς
181 1774 318 1861 όνόγκης
339 1773 564 1843 καταποθὲν“
540 1801 582 1853 ας
602 1780 710 1844 εἰπεῖν.
754 1777 917 1845 α’θανόιοιι
938 1779 1000 1865 γὰρ
1020 1777 1074 1864 τῆς
1092 1778 1206 1862 ἡμιτό-

55 1897 94 1951 15
104 1903 162 1961 ρας
183 1871 282 1966 οόσης
308 1881 419 1962 ψυχῆς
449 1882 503 1943 ιιαί
533 1879 718 1957 ιῖθανότοιις
747 1883 954 2003 ἐκδεχομένης
981 1881 1039 1956 τὰς
1061 1905 1124 1945 ταιν
1145 1903 1205 1946 πε-

105 1983 303 2104 πραγμόιιον
311 1985 425 2066 σαφοός
447 1977 585 2100 α’μριβός
606 1981 687 2061 tu’
666 1979 824 2090 ανόγκης,
832 1986 888 2048 και
914 2008 981 2064 αμα
1001 1986 1081 2064 μιᾶς
1094 1986 1204 2065 ψυχῆς

102 2081 146 2162 μή
170 2073 250 2145 εἶναι
270 2078 324 2146 τόν
345 2080 450 2146 πάντα
467 2081 587 2163 κόσμον
603 2073 754 2162 ἀντάξιον
773 2107 829 2167 της
848 2085 941 2159 θείας
953 2083 1104 2207 λεγοόσης
1125 2107 1205 2165 γρα-

104 2186 177 2269 φῆς,
199 2187 266 2259 πῶς
290 2184 349 2246 cris
371 2185 539 2268 α’ναγιιαῖον
560 2186 699 2249 ἐνταῦθα
719 2188 844 2268 γίγνοιτ’
869 2209 908 2248 αν
939 2185 995 2248 καί
1013 2184 1049 2248 τό
1073 2178 1205 2264 όνόεχό-

103 2306 221 2366 ruscum
258 2283 288 2349 εί
318 2282 379 2370 γόρ
409 2285 463 2369 ἐφ’
496 2283 572 2367 ημῖν
602 2309 656 2350 και
688 2282 896 2367 ἐνδεχόμενον
923 2284 960 2349 τό
983 2284 1131 2363 σαίζειν’
1116 2307 1204 2348 εστιν

56 2382 203 2470 νοαότῆν
225 2385 279 2451 καί
300 2388 392 2472 δόξης
412 2386 521 2454 όιόιόο
545 2389 714 2472 προξένοις
731 2387 812 2474 αὐτῇ
832 2390 1063 2467 καθίστασθαι,
1087 2387 1142 2453 καί
1158 2377 1203 2448 ari

103 2487 283 2552 ιοιίνανιίον
314 2492 461 2574 φθείρειν
492 2487 546 2552 καί
578 2490 705 2554 κολάσει
727 2493 951 2573 παραπέμπειν
983 2490 1111 2576 αιάινίφ,
1134 2485 1203 2549 ἀλλ’

102 2577 160 2652 cair
181 2589 244 2653 τοόν
266 2589 446 2672 όναγκαιίον
467 2592 522 2656 καί
539 2591 623 2656 τοῦτ’
643 2583 683 2657 όν
704 2588 753 2676 εἴη
771 2589 915 2672 μάλιστα
929 2586 1049 2672 μεταξό
1065 2587 1111 2672 μή
1135 2615 1200 2652 πα-

100 2691 268 2774 ρατρέχειν
288 2691 429 2772 κείμενον
459 2689 496 2756 τό
526 2689 603 2757 κατό
633 2693 732 2778 φόσιν
764 2693 866 2758 εἰπεῖν
895 2691 1075 2775 α’ναγκατον.
1125 2683 1202 2754 όσον

99 2787 162 2876 γόρ
182 2787 216 2856 τό
241 2795 389 2878 φθείρειν
422 2795 484 2858 τόν
505 2791 718 2860 ότοπωτότιον
746 2789 816 2880 ἐστι’
844 2790 902 2858 καί
922 2788 1122 2875 παραλόγων,
1145 2813 1200 2855 τα-

99 2892 194 2957 σοότο
215 2894 279 2956 ειόν
299 2890 481 2977 α’ναγιιαίαιν
500 2890 535 2958 ιό
558 2888 683 2986 σοόζιιν.
720 2887 750 2958 ’ό
770 2894 847 2977 γοῦν
861 2890 1056 2968 όιιοόσανιες
1077 2887 1267 2972 πολλά-,ῃ

40 3195 44 3208 ,
98 3171 142 3210 me
162 3163 294 3227 cogerent
311 3155 401 3210 alieno
427 3165 548 3227 tempure
571 3158 661 3212 dicere
689 3172 812 3227 eaquae
840 3171 890 3225 per
909 3173 940 3210 ιι
959 3164 1109 3226 opportuna
1126 3162 1197 3224 sunt,

99 3229 146 3282 sed
164 3227 281 3281 nondum
299 3244 387 3299 neque
403 3242 454 3297 pro
470 3229 606 3298 praesenti
624 3245 712 3282 renum
725 3229 878 3281 conditione
896 3245 985 3298 neque
1002 3244 1051 3297 pro
1065 3229 1197 3282 auditori.

98 3300 147 3353 bus
166 3308 325 3369 opportuna.
373 3317 433 3354 nam
452 3304 480 3354 iu
499 3301 649 3354 auditorum
678 3301 806 3368 opinione
830 3302 983 3353 vincentem
1002 3309 1101 3354 sortem
1120 3303 1196 3368 posi.

98 3380 152 3424 tam
172 3388 231 3425 esse
250 3373 415 3439 arbitramur,
434 3375 472 3426 ita
492 3380 522 3425 ut
539 3388 620 3441 saepe
637 3374 725 3426 iaceat
743 3373 889 3425 dicentium
907 3374 1017 3426 veritas.

197 3460 228 3513 iu
242 3459 305 3513 his'
297 3462 379 3530 igitur
389 3462 485 3516 melius
505 3471 563 3515 erat
575 3470 604 3514 ut
615 3462 801 3527 iudicavimus,
820 3460 955 3515 silentium
968 3452 1073 3528 tenere,
1090 3464 1194 3532 quaudo

58 3553 61 3558 Δ
99 3531 205 3585 scilicet
223 3532 325 3586 silentii
344 3541 464 3602 tempora
483 3535 613 3588 dictorum
641 3535 695 3588 vim
713 3498 869 3586 Ιίὶιειιίει
861 3551 890 3586 ιιι
910 3551 940 3588 se
962 3536 1126 3600 reciperent,
1142 3551 1196 3586 ne.

98 3620 151 3672 que
171 3603 276 3657 dicendi
297 3607 477 3658 neeessariam
498 3621 603 3658 causam
623 3606 808 3658 obtenderent.
855 3615 897 3660 est
914 3608 984 3658 enim
1003 3604 1105 3657 silentii
1124 3615 1195 3657 tem.

97 3691 146 3742 pus
166 3684 354 3762 opportunum,
372 3676 417 3729 ubi
436 3677 570 3730 auditores
589 3677 695 3730 silentis
716 3685 814 3746 egeant
834 3677 916 3748 hique
938 3693 971 3729 cc
999 3677 1073 3760 digni
1092 3677 1146 3728 sint
1168 3684 1196 3728 et

96 3745 176 3799 vaide
194 3748 221 3798 id
240 3749 357 3814 cupiant.
394 3763 447 3817 quc
468 3756 545 3815 pacto
564 3749 591 3801 id
613 3749 684 3818 quod
703 3747 806 3801 licitum
826 3757 885 3814 est,
904 3750 932 3801 in
950 3749 1121 3800 necessitatis
1140 3750 1195 3800 vim

96 3817 178 3886 piane
199 3818 344 3870 seiunctam
364 3820 468 3883 transit,
487 3819 515 3871 vi
534 3819 602 3871 liciti
621 3819 725 3873 abiecta
743 3828 867 3889 tanquam
888 3835 905 3870 a
922 3819 1085 3871 necessitate
1105 3820 1194 3872 desc.
1220 3865 1224 3873 ι

94 3897 161 3942 rata.
200 3904 278 3958 quum
306 3889 376 3941 euim
402 3891 488 3942 anima
513 3899 604 3943 nostra
622 3890 778 3960 immortalis
803 3892 839 3942 sit
861 3899 888 3942 et
913 3890 1076 3943 immortales
1101 3906 1193 3943 eorum

95 3977 164 4031 quae
193 3967 308 4029 aguntur
337 3961 472 4012 contiueat
497 3963 675 4027 necessitate,
700 3964 746 4014 uui
764 3976 838 4015 -ιοτο
865 3963 969 4015 κοίτοιο
992 3964 1079 4030 ipsum
1109 3970 1193 4015 totum
1299 4017 1304 4024 ,

93 4033 218 4086 mundum
236 4046 290 4084 ucu
309 4032 531 4101 aequiparandum
563 4047 622 4085 esse
646 4048 721 4086 sacra
739 4034 879 4086 confirmet
904 4036 1053 4102 scriptura,
1073 4047 1120 4085 cur
1137 4049 1192 4086 non

92 4105 274 4157 necessarium
294 4104 341 4156 iiat
358 4104 385 4156 id
403 4103 474 4173 quud
492 4103 595 4155 licitum
616 4113 665 4157 cst.
704 4105 802 4158 etenim
816 4104 839 4157 si
857 4104 935 4158 uubis
957 4106 983 4158 id
1003 4107 1095 4158 iacere
1114 4104 1190 4172 licet,

92 4183 124 4227 ut
143 4191 199 4243 eam
217 4190 356 4229 servemus
386 4169 414 4229 et
441 4182 567 4227 netemae
598 4175 702 4246 gloriae
720 4184 822 4229 tutores
852 4179 876 4228 ei
897 4178 988 4242 simus,
1007 4186 1035 4228 οι
1054 4176 1077 4228 si
1097 4176 1191 4230 horum
1302 4238 1305 4247 1

93 4248 253 4301 contrarium
274 4255 315 4300 est
332 4247 446 4315 perdere
465 4254 493 4298 et
508 4255 634 4302 aeternae
652 4262 757 4316 poenae
775 4250 964 4326 transmittere,
982 4263 1047 4300 saue
1067 4247 1119 4301 hcc
1137 4252 1193 4302 ue:

143 4343 308 4414 Νίοιρίιοιιιι
330 4343 438 4412 Grecos.
466 4341 519 4395 tot.
539 4341 592 4398 111.
746 4321 750 4328 ’
915 4390 921 4403 ,
971 4344 1006 4398 26
