3017 4759
151 337 153 343 ,
243 258 465 329 nrsromnu
492 258 751 332 aminnium
771 263 861 328 uxr.
882 193 1069 354 tati.
1148 241 1219 331 dot
1307 329 1311 335 .

125 420 272 500 οἶνοδσιος
295 415 376 509 αδιη
397 427 451 489 καί
465 422 618 511 διάφορος
639 425 790 511 ε’νὲργειιι.
835 426 890 489 καί
910 417 978 506 δίμοι
1002 419 1119 510 δυοὶςή
1142 425 1223 492 ποίν-

125 550 188 589 των
209 521 295 609 α’ρχή
316 549 368 590 σοι
391 529 527 608 γίνεται,
553 526 588 591 τὸ
626 524 853 606 circumsessos,
875 521 992 610 ἑαυτῆς
1023 529 1224 611 διαφέρουσα

127 630 181 690 ιιαί
200 628 315 702 αἰδίιος
326 621 427 713 ἑαυτῇ
447 635 624 713 μαχομένη.
658 629 726 692 ἀλλ’
751 627 768 690 δ
790 632 877 702 δεῖος
898 622 1049 708 Μάξιμος
1066 625 1127 691 “ori
1146 645 1292 701 coc-w

127 718 372 849 δεωρεῖρθαιή
402 732 714 813 συνεπιδεωρεῖσδοιι
735 724 876 792 δύναταί
894 726 943 792 τί”
973 731 1055 811 φησί
1074 727 1140 818 “aqi
1160 732 1225 816 θεῷ
1305 760 1307 765 ·

102 829 196 892 5κατ’
221 826 335 893 οιῖσίαν
357 823 512 910 διάφορον
534 831 567 906 ἐξ
589 828 714 914 ἀιδίου,
738 828 795 891 ουίι
819 827 914 909 aida,
938 827 977 890 ου’
1001 825 1126 912 χρόνος,
1151 830 1227 894 οδδὲ

126 953 156 992 τι
178 931 241 992 τῶν
265 927 388 1001 τούτοις
410 928 682 1010 ε’νδιαιτωμίνων·
727 927 765 990 οὐ
787 925 847 1011 γὰρ
872 925 1103 1050 συμβαίνουσιν
1125 930 1226 1011 α’λλή-

128 1035 194 1103 λοις
214 1027 338 1090 πώποτε
360 1023 394 1090 τὸ
419 1031 535 1110 κυρίοις
554 1021 636 1092 εἶναι
658 1031 713 1092 καί
726 1030 766 1091 ου’
779 1026 928 1113 καριως“·’.
920 1027 1006 1092 .καί
1026 1023 1224 1095 edissena.

128 1152 184 1213 ρον
206 1123 287 1193 εἶναι
317 1125 423 1191 δυάδα
457 1129 610 1210 οιίδαμως
632 1129 815 1211 ἐνδέχεται·
863 1125 898 1192 αἱ
927 1130 988 1212 γὰρ
1026 1133 1093 1194 κατ’
1126 1129 1226 1216 ου’τήν

127 1226 262 1312 μονάδες
284 1227 434 1311 ἀλλήλαις
466 1231 543 1294 κατὰ
574 1232 755 1314 παράθεσιν
786 1226 1053 1314 συνυπάρχουσαι
1086 1233 1225 1354 ιίλλήλας

85 1331 363 1414 immiteremus
349 1330 444 1393 εἰδὲ
465 1334 576 1412 τοῦτο,
608 1325 723 1394 ουδ’
701 1345 861 1416 αναρχον·
914 1328 997 1415 α’ρχή
1028 1329 1089 1416 γοὶρ
1123 1333 1226 1418 πάσης

126 1430 244 1549 δροίδος
265 1430 373 1510 μονάς.
428 1433 458 1495 εί
480 1432 514 1495 δὲ
535 1431 579 1515 μή
604 1425 764 1515 ἄναρχον,
797 1431 867 1495 ου’δ’
890 1432 1050 1514 α’κινητον·
1093 1443 1226 1498 κινεῖται

125 1531 186 1616 γάρ
211 1557 254 1617 την
242 1532 434 1617 o’pst'tpsqi'
419 1556 453 1596 εκ
471 1529 620 1615 μονάδων
634 1534 742 1595 καθ’
725 1557 850 1613 ενωσιν,
862 1530 896 1596 ιδ
916 1530 1146 1614 diasceuastae
1170 1535 1227 1596 ουίι

127 1631 211 1755 α’ρχή
236 1626 305 1696 dtt’
325 1635 358 1710 ἐξ
384 1632 507 1717 οἷρχής,
529 1630 649 1717 δηλαδή
675 1635 734 1696 rosi
754 1636 924 1716 κινοῦντος.
966 1631 1067 1713 μονοῖς
1090 1637 1125 1699 δὲ
1139 1632 1228 1753 μόνη

126 1735 242 1817 κυρίως
272 1733 426 1816 ἀκίνητος.
469 1734 708 1814 μεμαρασμένον
728 1756 778 1796 σοι
806 1727 870 1817 ἄρα
900 1735 957 1797 καί
981 1733 1037 1806 ου’
1063 1733 1165 1817 ἀρχήν
1193 1731 1228 1799 αἱ

85 1829 300 1936 mistisque,
328 1827 501 1916 ἄνθρωπε·
543 1835 604 1905 καί
620 1832 651 1895 εί
669 1835 775 1918 τοῦτο,
806 1833 999 1949 dsaqsqpsoos
1030 1841 1168 1910 τοπικοῖς
1192 1858 1226 1900 τε

126 1937 183 1997 καί
201 1940 359 2016 χρονικοῖς
382 1932 639 1999 δεδουλεύκασιν.
673 1935 840 2015 κτίσμασιν
863 1958 925 2017 αρα
949 1935 1109 2018 λατρεύων
1131 1923 1225 2012 critic

128 2033 302 2118 ἐλελήθεις.
358 2031 405 2098 ἔτι
435 2035 466 2097 εί
485 2058 580 2098 xasa
597 2034 633 2100 σέ
655 2033 762 2119 ἕτερον
795 2037 891 2101 ου’σιά
912 2036 966 2099 καί
983 2037 1091 2158 ἕτερον
1111 2034 1187 2110 θεὸς
1209 2031 1291 2103 5¹ss

128 2131 184 2216 τήν
206 2136 318 2198 ον’σίαν
342 2131 426 2217 ἔχων
445 2158 498 2200 και
493 2133 673 2223 διάφορος
695 2141 750 2218 τῆς
774 2139 890 2212 οἰκείας
912 2137 1034 2215 οὐσίας,
1041 2132 1139 2219 ἐστιν
1163 2129 1227 2231 ἄρα

47 2299 52 2308 ,
129 2233 204 2310 θεὸς
226 2232 375 2311 α’νοίσιος
396 2239 453 2299 καί
474 2236 570 2301 ου’σία
593 2239 672 2300 θεοῦ
694 2231 799 2311 ἄθεος.
843 2239 925 2321 φησί
945 2237 1004 2321 γὰρ
1028 2237 1082 2299 καί
1104 2237 1226 2302 ὅΝυυ.

85 2339 233 2421 ηησαέωι
256 2332 502 2421 Γρηγόριος“εῑ
524 2337 558 2402 τὸ
582 2335 706 2419 ἀγαθόν
729 2329 776 2418 ὅν,
799 2336 833 2402 vd
856 2335 991 2422 πονηρὸν
1020 2337 1077 2400 oris
1101 2330 1155 2401 ds·
1199 2339 1230 2402 εί
1280 2365 1283 2372 ’

132 2437 167 2500 δὲ
189 2433 226 2500 ιδ,
243 2433 378 2522 πονηρὸν
398 2425 449 2521 ὃν,
471 2437 508 2501 τὸ
533 2435 658 2520 ἀγαθὸν
680 2438 736 2501 οὐκ
762 2427 809 2520 δν,
828 2433 908 2502 uacci
941 2435 996 2502 τόν
1015 2439 1078 2503 τῶν
1100 2439 1228 2520 α’μίσων

132 2751 299 2820 conducite,
318 2755 452 2810 essentiae
471 2763 512 2808 cst
533 2769 629 2823 expers
643 2753 713 2824 quod
728 2741 851 2822 hibetur,
871 2769 903 2807 ac
915 2754 938 2807 si
957 2752 1074 2808 essentia
1094 2763 1135 2808 est
1151 2751 1226 2820 deus,

113 2827 158 2887 'id
176 2827 258 2895 igitur
278 2828 348 2894 quod
376 2827 492 2878 essentia
517 2836 591 2878 caret
617 2841 671 2877 non
700 2835 741 2878 est
759 2827 843 2890 deus,
871 2826 1016 2878 efficientia
1043 2827 1181 2892 nimirum,
1202 2835 1229 2878 et

108 2906 111 2919 ¹
131 2899 274 2949 coniuncta
294 2906 334 2948 cst
353 2897 405 2947 iam
426 2913 532 2980 semper
555 2908 582 2950 et
601 2914 635 2949 ex
654 2899 724 2949 omni
743 2899 902 2949 aeternitate
921 2897 1028 2949 divinae
1049 2906 1075 2948 et
1092 2899 1228 2949 increatae

131 2970 265 3020 essentiae
284 2969 352 3019 haec
373 2969 490 3019 essentia
508 2985 601 3019 carens
621 2977 647 3020 et
672 2969 780 3021 diversa
800 2969 954 3051 efficientia,
973 2967 1105 3034 simulque
1125 2969 1228 3036 princi-

129 3042 204 3110 pium
222 3039 338 3089 omnium
358 3038 406 3089 tibi
426 3040 515 3091 evadit
533 3041 597 3106 dyas
617 3041 784 3107 ineptissime
802 3055 818 3090 a
837 3054 866 3090 se
891 3040 950 3104 ipsa
968 3039 1094 3089 differens
1110 3046 1137 3090 et
1155 3054 1227 3090 sem-

33 3166 36 3172 ,
131 3127 179 3177 per
198 3126 288 3161 secum
307 3125 437 3178 pugnans.
474 3113 522 3162 sed
540 3113 667 3164 Maximus
689 3112 810 3174 divinus,
832 3125 887 3160 non
915 3117 1013 3186 potest,
1032 3110 1128 3177 inquit,
1150 3109 1228 3176 cogi-

130 3182 211 3233 tando
232 3182 294 3233 dari
313 3190 360 3236 aut
383 3181 492 3233 attribui
517 3184 659 3251 quidquam
679 3183 748 3244 deo,
769 3182 839 3256 quod
864 3181 899 3232 sit
917 3174 967 3235 ab
970 3182 1027 3232 eius
1047 3181 1165 3233 essentia
1185 3182 1226 3233 di·

131 3269 247 3318 versum,
268 3269 301 3304 ex
321 3254 392 3304 omni
411 3255 570 3306 aeternitate
583 3269 637 3305 non
654 3267 759 3315 aevum,
777 3266 832 3304 non
851 3258 965 3318 tempus,
980 3268 1069 3320 neque
1083 3253 1225 3337 quidquam
1244 3303 1246 3309 ,
1273 3269 1275 3273 ·

131 3339 222 3376 eorum
241 3326 356 3394 quaein
376 3324 418 3376 his
446 3333 603 3388 versantur3
622 3339 711 3392 neque
737 3324 806 3373 enim
832 3325 1063 3376 accommodantur
1084 3323 1160 3375 sibi
1153 3325 1228 3376 invi-

131 3412 188 3447 cem
209 3412 325 3464 unquam
349 3398 376 3448 id
394 3397 465 3463 quod
493 3397 602 3464 proprie
627 3395 728 3462 aliquid
755 3401 797 3445 est
823 3402 849 3446 et
869 3396 939 3463 quod
960 3410 1014 3446 non
1043 3396 1162 3463 proprie.
1201 3403 1228 3446 et

94 3474 98 3479 ”
130 3482 221 3518 rursus
240 3469 343 3519 infinita
364 3482 424 3518 esse
443 3467 508 3534 dyas
534 3465 610 3518 nullo
630 3467 708 3518 modo
727 3473 829 3533 potest;
858 3467 985 3518 monades
1006 3469 1121 3518 enimin
1142 3481 1174 3517 ea
1194 3482 1228 3518 ex

132 3540 331 3603 comparatione
362 3542 526 3604 compositae
554 3554 584 3589 se
610 3539 727 3590 invicem
756 3537 903 3589 definiuntt
927 3539 968 3590 sin
996 3546 1083 3588 autem
1103 3537 1155 3587 hoc
1176 3544 1224 3601 est,

131 3621 184 3658 non
203 3616 243 3658 est
260 3609 307 3660 iiia
327 3610 450 3675 principii
471 3625 585 3678 expers;
613 3610 771 3677 principium
798 3610 867 3659 enim
894 3609 986 3674 dyadis
1006 3609 1090 3658 omnis
1111 3615 1151 3660 est
1168 3619 1232 3657 mo-'

131 3693 189 3729 nas.
212 3680 305 3746 quodsi
324 3681 373 3731 illa
389 3695 444 3730 non
466 3691 506 3735 est
520 3683 646 3748 principii
666 3696 772 3747 expers,
793 3681 884 3730 eadem
904 3694 958 3729 non
979 3686 1019 3735 cst
1036 3680 1152 3729 immota.
1167 3692 1228 3729 mo.

131 3757 212 3800 vetur
232 3752 300 3800 enim
319 3767 430 3802 numero
444 3754 642 3804 exmonadibus
663 3753 696 3803 ad
715 3752 952 3813 consociationem,
972 3751 1042 3816 quod
1061 3757 1148 3800 autem
1167 3763 1227 3800 mo.

133 3828 212 3872 retur
231 3835 285 3871 non
300 3831 341 3873 est
355 3824 524 3889 principium,
543 3825 590 3875 sed
603 3830 727 3875 movetur
741 3839 776 3874 ex
790 3821 923 3888 principio
953 3822 1076 3872 nimirum
1093 3828 1227 3873 movente.

132 3906 224 3942 monas
255 3899 343 3942 autem
371 3893 429 3943 sola
455 3896 564 3960 proprie
584 3903 625 3947 est
654 3896 771 3946 immota.
809 3893 946 3944 subiectae
979 3893 1061 3960 igitur
1085 3893 1134 3944 tibi
1158 3899 1228 3955 sunt,

84 4023 88 4033 Ι
132 3965 237 4025 amice,
267 3964 345 4013 etiam
367 3963 415 4014 snb
436 3966 595 4030 principium
616 3966 789 4030 divinitates,
822 3963 916 4030 quodsi
944 3962 995 4015 hoe
1014 3972 1068 4028 est,
1098 3963 1228 4016 mensuris

134 4033 255 4086 iocorum
278 4041 304 4084 et
325 4041 471 4100 temporum
490 4036 650 4101 inserviunt,
669 4045 759 4089 creata
785 4037 868 4103 igitur
893 4034 959 4087 coiis
978 4036 1139 4120 imprudens.
1176 4035 1229 4083 iam

134 4121 201 4158 vcro
223 4107 246 4156 si
266 4121 300 4157 ex
318 4111 363 4156 tua
382 4107 516 4158 sententia
535 4106 607 4157 aliud
626 4115 669 4159 est
686 4109 819 4176 essentia,
840 4106 911 4173 aliud
936 4110 1000 4160 deus
1020 4108 1066 4174 qui
1087 4105 1229 4157 essentiam

135 4178 217 4242 itabat
235 4185 262 4234 et
280 4178 403 4234 diversus
423 4187 464 4234 est
480 4194 496 4232 a
514 4194 563 4235 sua
576 4180 660 4253 ipsius
682 4182 809 4250 essentia,
831 4187 871 4237 cst
883 4180 964 4250 igitur
983 4179 1048 4233 deut
1066 4175 1227 4232 intuentia
