<?xml version="1.0" encoding="UTF-8"?>
<!DOCTYPE html PUBLIC "-//W3C//DTD XHTML 1.0 Transitional//EN"
    "http://www.w3.org/TR/xhtml1/DTD/xhtml1-transitional.dtd">
<html xmlns="http://www.w3.org/1999/xhtml" xml:lang="en" lang="en">
 <head>
  <title>
</title>
<meta http-equiv="Content-Type" content="text/html;charset=utf-8" />
  <meta name='ocr-system' content='tesseract 3.04.00' />
  <meta name='ocr-capabilities' content='ocr_page ocr_carea ocr_par ocr_line ocrx_word'/>
</head>
<body>
  <div class='ocr_page' id='page_1' title='image "./corpusscriptoru13theogoog/corpusscriptoru13theogoog_0289.png"; bbox 0 0 3017 4759; ppageno 0'>
   <div class='ocr_carea' id='block_1_1' title="bbox 250 234 1211 321">
    <p class='ocr_par' dir='ltr' id='par_1_1' title="bbox 250 234 1211 321">
     <span class='ocr_line' id='line_1_1' title="bbox 250 234 1211 321; baseline -0.004 0"><span class='ocrx_word' id='word_1_1' title='bbox 250 252 473 321; x_wconf 81' lang='lat' dir='ltr'><strong>ursuunms</strong></span> <span class='ocrx_word' id='word_1_2' title='bbox 504 247 763 317; x_wconf 68' lang='lat' dir='ltr'><strong>omimium</strong></span> <span class='ocrx_word' id='word_1_3' title='bbox 788 252 880 317; x_wconf 82' lang='lat' dir='ltr'><strong>xxx.</strong></span> <span class='ocrx_word' id='word_1_4' title='bbox 903 234 1029 317; x_wconf 77' lang='lat' dir='ltr'><strong>t-u.</strong></span> <span class='ocrx_word' id='word_1_5' title='bbox 1138 242 1211 317; x_wconf 79' lang='lat' dir='ltr'><strong>aut</strong></span> 
     </span>
    </p>
   </div>
   <div class='ocr_carea' id='block_1_2' title="bbox 72 408 1346 2619">
    <p class='ocr_par' dir='ltr' id='par_1_2' title="bbox 116 408 1250 805">
     <span class='ocr_line' id='line_1_2' title="bbox 208 408 1250 501; baseline -0.009 -15"><span class='ocrx_word' id='word_1_6' title='bbox 208 414 304 501; x_wconf 73' lang='grc' dir='ltr'><strong><em>Ἀρτο</em></strong></span> <span class='ocrx_word' id='word_1_7' title='bbox 328 421 391 481; x_wconf 75' lang='grc' dir='ltr'><strong><em>τῶν</em></strong></span> <span class='ocrx_word' id='word_1_8' title='bbox 413 412 574 483; x_wconf 76' lang='grc' dir='ltr'><strong>εἰωθότων</strong></span> <span class='ocrx_word' id='word_1_9' title='bbox 596 418 652 499; x_wconf 80' lang='grc' dir='ltr'><strong>τῆς</strong></span> <span class='ocrx_word' id='word_1_10' title='bbox 682 418 824 500; x_wconf 66' lang='grc' dir='ltr'><strong><em>κεφαλῆς</em></strong></span> <span class='ocrx_word' id='word_1_11' title='bbox 844 408 1031 497; x_wconf 75' lang='grc' dir='ltr'><em>νοσημάτων</em></span> <span class='ocrx_word' id='word_1_12' title='bbox 1053 410 1160 497; x_wconf 79' lang='grc' dir='ltr'><strong><em>βραχύ</em></strong></span> <span class='ocrx_word' id='word_1_13' title='bbox 1183 422 1250 479; x_wconf 70' lang='lat' dir='ltr'><strong>aa!</strong></span> 
     </span>
     <span class='ocr_line' id='line_1_3' title="bbox 118 506 1216 603; baseline -0.008 -17"><span class='ocrx_word' id='word_1_14' title='bbox 118 516 323 603; x_wconf 88' lang='grc' dir='ltr'><strong><em>α’νενεγκόντα</em></strong></span> <span class='ocrx_word' id='word_1_15' title='bbox 349 518 405 583; x_wconf 85' lang='grc' dir='ltr'><strong><em>τὸν</em></strong></span> <span class='ocrx_word' id='word_1_16' title='bbox 428 520 458 582; x_wconf 89' lang='grc' dir='ltr'><strong><em>Γ</em></strong></span> <span class='ocrx_word' id='word_1_17' title='bbox 457 519 595 600; x_wconf 82' lang='grc' dir='ltr'><strong><em>ρηγοροῖν</em></strong></span> <span class='ocrx_word' id='word_1_18' title='bbox 620 508 675 601; x_wconf 81' lang='grc' dir='ltr'><strong>ἧκε</strong></span> <span class='ocrx_word' id='word_1_19' title='bbox 706 518 810 581; x_wconf 78' lang='grc' dir='ltr'><strong><em>καλῶν</em></strong></span> <span class='ocrx_word' id='word_1_20' title='bbox 845 518 879 579; x_wconf 85' lang='grc' dir='ltr'><strong>ε’κ</strong></span> <span class='ocrx_word' id='word_1_21' title='bbox 900 516 1056 597; x_wconf 70' lang='grc' dir='ltr'><strong>βασιλέως</strong></span> <span class='ocrx_word' id='word_1_22' title='bbox 1079 506 1094 575; x_wconf 83' lang='grc' dir='ltr'>ὅ</span> <span class='ocrx_word' id='word_1_23' title='bbox 1116 516 1216 596; x_wconf 85' lang='grc' dir='ltr'><strong><em>μίγας</em></strong></span> 
     </span>
     <span class='ocr_line' id='line_1_4' title="bbox 116 609 1216 704; baseline -0.01 -19"><span class='ocrx_word' id='word_1_24' title='bbox 116 625 285 704; x_wconf 80' lang='grc' dir='ltr'><strong><em>λογυθίτης</em></strong></span> <span class='ocrx_word' id='word_1_25' title='bbox 304 616 496 702; x_wconf 76' lang='grc' dir='ltr'><em>ὁτουδήποτε</em></span> <span class='ocrx_word' id='word_1_26' title='bbox 512 618 637 681; x_wconf 75' lang='grc' dir='ltr'><strong><em>εἵνεκα·</em></strong></span> <span class='ocrx_word' id='word_1_27' title='bbox 679 618 734 680; x_wconf 86' lang='grc' dir='ltr'><strong>καί</strong></span> <span class='ocrx_word' id='word_1_28' title='bbox 745 612 854 698; x_wconf 69' lang='grc' dir='ltr'><strong><em>ἐπειδὴ</em></strong></span> <span class='ocrx_word' id='word_1_29' title='bbox 875 609 1138 698; x_wconf 76' lang='grc' dir='ltr'><strong><em>παρακρούεσθαι</em></strong></span> <span class='ocrx_word' id='word_1_30' title='bbox 1159 610 1216 675; x_wconf 79' lang='lat' dir='ltr'><strong>eds</strong></span> 
     </span>
     <span class='ocr_line' id='line_1_5' title="bbox 116 713 1214 805; baseline -0.007 -20"><span class='ocrx_word' id='word_1_31' title='bbox 116 724 199 804; x_wconf 83' lang='grc' dir='ltr'><strong><em>ε’νῆν,</em></strong></span> <span class='ocrx_word' id='word_1_32' title='bbox 223 718 361 794; x_wconf 78' lang='grc' dir='ltr'><strong><em>ἀναστὰς</em></strong></span> <span class='ocrx_word' id='word_1_33' title='bbox 389 718 502 805; x_wconf 74' lang='grc' dir='ltr'><strong><em>ἀπῄει,</em></strong></span> <span class='ocrx_word' id='word_1_34' title='bbox 541 720 596 781; x_wconf 84' lang='grc' dir='ltr'><strong>καί</strong></span> <span class='ocrx_word' id='word_1_35' title='bbox 617 713 686 798; x_wconf 78' lang='grc' dir='ltr'><strong>ἅμα</strong></span> <span class='ocrx_word' id='word_1_36' title='bbox 707 714 842 799; x_wconf 76' lang='grc' dir='ltr'><strong><em>εἱπόμην</em></strong></span> <span class='ocrx_word' id='word_1_37' title='bbox 874 714 969 790; x_wconf 82' lang='grc' dir='ltr'><strong>αύτός</strong></span> <span class='ocrx_word' id='word_1_38' title='bbox 991 713 1214 795; x_wconf 81' lang='grc' dir='ltr'><strong><em>α’κουσύμενος.</em></strong></span> 
     </span>
    </p>

    <p class='ocr_par' dir='ltr' id='par_1_3' title="bbox 90 813 1303 1307">
     <span class='ocr_line' id='line_1_6' title="bbox 90 813 1218 905; baseline -0.007 -19"><span class='ocrx_word' id='word_1_39' title='bbox 90 813 154 905; x_wconf 74' lang='grc' dir='ltr'><strong><em>δῆν</em></strong></span> <span class='ocrx_word' id='word_1_40' title='bbox 176 824 210 885; x_wconf 78' lang='grc' dir='ltr'><strong>δὲ</strong></span> <span class='ocrx_word' id='word_1_41' title='bbox 229 821 264 886; x_wconf 81' lang='grc' dir='ltr'><strong>τὸ</strong></span> <span class='ocrx_word' id='word_1_42' title='bbox 284 825 339 904; x_wconf 77' lang='grc' dir='ltr'><strong>τῆς</strong></span> <span class='ocrx_word' id='word_1_43' title='bbox 357 813 445 902; x_wconf 80' lang='grc' dir='ltr'><strong><em>σύρας</em></strong></span> <span class='ocrx_word' id='word_1_44' title='bbox 476 818 538 901; x_wconf 74' lang='lat' dir='ltr'><strong>dut</strong></span> <span class='ocrx_word' id='word_1_45' title='bbox 569 815 650 897; x_wconf 78' lang='grc' dir='ltr'><strong><em>μετὰ</em></strong></span> <span class='ocrx_word' id='word_1_46' title='bbox 673 820 766 882; x_wconf 87' lang='grc' dir='ltr'><strong><em>δύσιν</em></strong></span> <span class='ocrx_word' id='word_1_47' title='bbox 793 816 895 899; x_wconf 81' lang='grc' dir='ltr'><strong><em>ἡλίου.</em></strong></span> <span class='ocrx_word' id='word_1_48' title='bbox 947 814 1003 880; x_wconf 88' lang='grc' dir='ltr'><strong>καί</strong></span> <span class='ocrx_word' id='word_1_49' title='bbox 1019 820 1218 900; x_wconf 75' lang='grc' dir='ltr'><strong><em>προσεληλυ-</em></strong></span> 
     </span>
     <span class='ocr_line' id='line_1_7' title="bbox 115 916 1303 1006; baseline -0.004 -21"><span class='ocrx_word' id='word_1_50' title='bbox 115 918 185 996; x_wconf 80' lang='grc' dir='ltr'><strong>θύς</strong></span> <span class='ocrx_word' id='word_1_51' title='bbox 205 916 221 984; x_wconf 80' lang='grc' dir='ltr'>ὁ</span> <span class='ocrx_word' id='word_1_52' title='bbox 240 922 270 985; x_wconf 88' lang='grc' dir='ltr'><strong><em>Γ</em></strong></span> <span class='ocrx_word' id='word_1_53' title='bbox 269 923 426 1006; x_wconf 83' lang='grc' dir='ltr'><strong>ρηγορᾶς,</strong></span> <span class='ocrx_word' id='word_1_54' title='bbox 455 924 510 984; x_wconf 81' lang='grc' dir='ltr'><strong>καί</strong></span> <span class='ocrx_word' id='word_1_55' title='bbox 540 916 598 1002; x_wconf 68' lang='grc' dir='ltr'><strong><em>τὴν</em></strong></span> <span class='ocrx_word' id='word_1_56' title='bbox 620 922 777 984; x_wconf 76' lang='grc' dir='ltr'><strong>εἰωθυῖαν</strong></span> <span class='ocrx_word' id='word_1_57' title='bbox 797 917 1008 993; x_wconf 78' lang='grc' dir='ltr'><strong><em>α’ποτλεδωκούς</em></strong></span> <span class='ocrx_word' id='word_1_58' title='bbox 1028 920 1071 1004; x_wconf 75' lang='grc' dir='ltr'><strong>τῷ</strong></span> <span class='ocrx_word' id='word_1_59' title='bbox 1091 921 1222 999; x_wconf 77' lang='grc' dir='ltr'><strong><em>βασιλεῖ’</em></strong></span> <span class='ocrx_word' id='word_1_60' title='bbox 1301 944 1303 959; x_wconf 88' lang='grc'><em>·</em></span> 
     </span>
     <span class='ocr_line' id='line_1_8' title="bbox 116 1015 1217 1106; baseline -0.004 -20"><span class='ocrx_word' id='word_1_61' title='bbox 116 1021 308 1106; x_wconf 81' lang='grc' dir='ltr'><strong><em>πρόσρησιν,</em></strong></span> <span class='ocrx_word' id='word_1_62' title='bbox 328 1017 396 1086; x_wconf 80' lang='grc' dir='ltr'><strong><em>εἶτα</em></strong></span> <span class='ocrx_word' id='word_1_63' title='bbox 418 1023 578 1087; x_wconf 69' lang='grc' dir='ltr'><strong><em>ἐκάθισεν.</em></strong></span> <span class='ocrx_word' id='word_1_64' title='bbox 600 1020 692 1103; x_wconf 79' lang='grc' dir='ltr'><strong><em>ἔτυχε</em></strong></span> <span class='ocrx_word' id='word_1_65' title='bbox 712 1024 742 1085; x_wconf 82' lang='lat' dir='ltr'><strong>d’</strong></span> <span class='ocrx_word' id='word_1_66' title='bbox 770 1019 873 1097; x_wconf 84' lang='grc' dir='ltr'><strong><em>εύθύς</em></strong></span> <span class='ocrx_word' id='word_1_67' title='bbox 895 1021 1034 1085; x_wconf 75' lang='grc' dir='ltr'><strong><em>ἐκεῖναί</em></strong></span> <span class='ocrx_word' id='word_1_68' title='bbox 1053 1015 1069 1081; x_wconf 80' lang='grc' dir='ltr'><em>ὃ</em></span> <span class='ocrx_word' id='word_1_69' title='bbox 1095 1024 1217 1083; x_wconf 71' lang='grc' dir='ltr'><strong><em>Παλαι-</em></strong></span> 
     </span>
     <span class='ocr_line' id='line_1_9' title="bbox 115 1116 1216 1204; baseline -0.003 -19"><span class='ocrx_word' id='word_1_70' title='bbox 115 1127 179 1204; x_wconf 81' lang='grc' dir='ltr'><strong>μοῖς</strong></span> <span class='ocrx_word' id='word_1_71' title='bbox 198 1121 381 1201; x_wconf 83' lang='grc' dir='ltr'><strong><em>συνεισιούν,</em></strong></span> <span class='ocrx_word' id='word_1_72' title='bbox 405 1122 463 1184; x_wconf 86' lang='grc' dir='ltr'><strong>ούκ</strong></span> <span class='ocrx_word' id='word_1_73' title='bbox 485 1116 545 1186; x_wconf 83' lang='grc' dir='ltr'><strong><em>οἶδ’</em></strong></span> <span class='ocrx_word' id='word_1_74' title='bbox 567 1118 715 1203; x_wconf 78' lang='grc' dir='ltr'><strong><em>ὁπότερον</em></strong></span> <span class='ocrx_word' id='word_1_75' title='bbox 722 1170 732 1203; x_wconf 88' lang='grc'><strong><em>,</em></strong></span> <span class='ocrx_word' id='word_1_76' title='bbox 754 1120 819 1186; x_wconf 84' lang='grc' dir='ltr'><strong><em>εἴτε</em></strong></span> <span class='ocrx_word' id='word_1_77' title='bbox 844 1124 879 1186; x_wconf 81' lang='lat' dir='ltr'><strong>a&#39;a</strong></span> <span class='ocrx_word' id='word_1_78' title='bbox 899 1122 1096 1203; x_wconf 79' lang='grc' dir='ltr'><strong><em>προθεσμίας</em></strong></span> <span class='ocrx_word' id='word_1_79' title='bbox 1117 1117 1216 1183; x_wconf 79' lang='grc' dir='ltr'><strong><em>πύλαι</em></strong></span> 
     </span>
     <span class='ocr_line' id='line_1_10' title="bbox 115 1218 1216 1307; baseline 0 -22"><span class='ocrx_word' id='word_1_80' title='bbox 115 1226 341 1306; x_wconf 74' lang='grc' dir='ltr'><strong><em>μελετηθείσης</em></strong></span> <span class='ocrx_word' id='word_1_81' title='bbox 373 1219 506 1307; x_wconf 79' lang='grc' dir='ltr'><strong><em>ἔφεδρος</em></strong></span> <span class='ocrx_word' id='word_1_82' title='bbox 538 1226 605 1287; x_wconf 82' lang='grc' dir='ltr'><strong><em>ε’κεῑ</em></strong></span> <span class='ocrx_word' id='word_1_83' title='bbox 624 1245 686 1285; x_wconf 90' lang='grc' dir='ltr'><strong><em>που</em></strong></span> <span class='ocrx_word' id='word_1_84' title='bbox 710 1221 839 1305; x_wconf 85' lang='grc' dir='ltr'><strong><em>παρούν,</em></strong></span> <span class='ocrx_word' id='word_1_85' title='bbox 870 1218 925 1287; x_wconf 74' lang='grc' dir='ltr'><strong><em>εἴτ’</em></strong></span> <span class='ocrx_word' id='word_1_86' title='bbox 948 1219 1010 1284; x_wconf 86' lang='grc' dir='ltr'><strong>α’πό</strong></span> <span class='ocrx_word' id='word_1_87' title='bbox 1032 1222 1150 1305; x_wconf 76' lang='grc' dir='ltr'><strong>τύχης,</strong></span> <span class='ocrx_word' id='word_1_88' title='bbox 1172 1218 1216 1296; x_wconf 65' lang='grc' dir='ltr'><strong>οἷς</strong></span> 
     </span>
    </p>

    <p class='ocr_par' dir='ltr' id='par_1_4' title="bbox 74 1316 1213 1411">
     <span class='ocr_line' id='line_1_11' title="bbox 74 1316 1213 1411; baseline -0.003 -25"><span class='ocrx_word' id='word_1_89' title='bbox 74 1332 108 1387; x_wconf 81' lang='lat' dir='ltr'><strong>to</strong></span> <span class='ocrx_word' id='word_1_90' title='bbox 117 1323 213 1389; x_wconf 87' lang='grc' dir='ltr'><strong><em>εἴωθε</em></strong></span> <span class='ocrx_word' id='word_1_91' title='bbox 232 1327 375 1406; x_wconf 86' lang='grc' dir='ltr'><strong><em>γίνεσθαι</em></strong></span> <span class='ocrx_word' id='word_1_92' title='bbox 405 1320 447 1387; x_wconf 79' lang='grc' dir='ltr'><strong>τύ</strong></span> <span class='ocrx_word' id='word_1_93' title='bbox 469 1323 569 1388; x_wconf 79' lang='grc' dir='ltr'><strong><em>πολλοὶ</em></strong></span> <span class='ocrx_word' id='word_1_94' title='bbox 594 1327 656 1388; x_wconf 75' lang='grc' dir='ltr'><strong><em>τῶν</em></strong></span> <span class='ocrx_word' id='word_1_95' title='bbox 678 1324 713 1389; x_wconf 76' lang='grc' dir='ltr'><strong><em>ἒν</em></strong></span> <span class='ocrx_word' id='word_1_96' title='bbox 734 1319 841 1411; x_wconf 80' lang='grc' dir='ltr'><strong><em>κόσμῳ</em></strong></span> <span class='ocrx_word' id='word_1_97' title='bbox 861 1319 1064 1405; x_wconf 77' lang='grc' dir='ltr'><strong><em>πραγμάτων.</em></strong></span> <span class='ocrx_word' id='word_1_98' title='bbox 1120 1316 1155 1396; x_wconf 71' lang='grc' dir='ltr'><strong>ὃς</strong></span> <span class='ocrx_word' id='word_1_99' title='bbox 1175 1318 1213 1405; x_wconf 63' lang='grc' dir='ltr'><em>δὴ</em></span> 
     </span>
    </p>

    <p class='ocr_par' dir='ltr' id='par_1_5' title="bbox 100 1416 1276 1815">
     <span class='ocr_line' id='line_1_12' title="bbox 116 1416 1276 1509; baseline 0 -22"><span class='ocrx_word' id='word_1_100' title='bbox 116 1423 171 1488; x_wconf 87' lang='grc' dir='ltr'><strong>καί</strong></span> <span class='ocrx_word' id='word_1_101' title='bbox 193 1423 231 1489; x_wconf 84' lang='grc' dir='ltr'><strong>τύ</strong></span> <span class='ocrx_word' id='word_1_102' title='bbox 254 1427 428 1507; x_wconf 77' lang='grc' dir='ltr'><strong><em>παλαιγενῆ</em></strong></span> <span class='ocrx_word' id='word_1_103' title='bbox 451 1428 633 1509; x_wconf 74' lang='grc' dir='ltr'><strong><em>προπετῶς,</em></strong></span> <span class='ocrx_word' id='word_1_104' title='bbox 662 1424 718 1490; x_wconf 87' lang='grc' dir='ltr'><strong>καί</strong></span> <span class='ocrx_word' id='word_1_105' title='bbox 742 1416 801 1488; x_wconf 76' lang='grc' dir='ltr'><strong>ὅσα</strong></span> <span class='ocrx_word' id='word_1_106' title='bbox 825 1421 925 1506; x_wconf 75' lang='grc' dir='ltr'><strong><em>λήθης</em></strong></span> <span class='ocrx_word' id='word_1_107' title='bbox 958 1426 1085 1506; x_wconf 78' lang='grc' dir='ltr'><strong><em>μακρᾶς</em></strong></span> <span class='ocrx_word' id='word_1_108' title='bbox 1113 1446 1215 1487; x_wconf 81' lang='grc' dir='ltr'><strong><em>συνα-</em></strong></span> <span class='ocrx_word' id='word_1_109' title='bbox 1273 1448 1276 1453; x_wconf 92' lang='grc'><strong><em>·</em></strong></span> 
     </span>
     <span class='ocr_line' id='line_1_13' title="bbox 116 1523 1216 1612; baseline 0.001 -24"><span class='ocrx_word' id='word_1_110' title='bbox 116 1523 290 1608; x_wconf 77' lang='grc' dir='ltr'><strong><em>πήχθησον</em></strong></span> <span class='ocrx_word' id='word_1_111' title='bbox 311 1524 469 1610; x_wconf 82' lang='grc' dir='ltr'><strong><em>ῥεύμασι,</em></strong></span> <span class='ocrx_word' id='word_1_112' title='bbox 498 1528 632 1612; x_wconf 79' lang='grc' dir='ltr'><strong><em>μηδαμῇ</em></strong></span> <span class='ocrx_word' id='word_1_113' title='bbox 663 1526 701 1612; x_wconf 77' lang='grc' dir='ltr'><strong>τῇ</strong></span> <span class='ocrx_word' id='word_1_114' title='bbox 720 1525 869 1611; x_wconf 77' lang='grc' dir='ltr'><strong><em>παρούσῃ</em></strong></span> <span class='ocrx_word' id='word_1_115' title='bbox 902 1523 1097 1606; x_wconf 75' lang='grc' dir='ltr'><strong><em>προσήκοντα</em></strong></span> <span class='ocrx_word' id='word_1_116' title='bbox 1121 1528 1216 1611; x_wconf 70' lang='grc' dir='ltr'><strong><em>χρείᾳ</em></strong></span> 
     </span>
     <span class='ocr_line' id='line_1_14' title="bbox 116 1616 1215 1709; baseline -0.001 -22"><span class='ocrx_word' id='word_1_117' title='bbox 116 1622 341 1707; x_wconf 70' lang='grc' dir='ltr'><strong><em>προαναλαβὼν</em></strong></span> <span class='ocrx_word' id='word_1_118' title='bbox 371 1624 426 1687; x_wconf 85' lang='grc' dir='ltr'><strong>καί</strong></span> <span class='ocrx_word' id='word_1_119' title='bbox 449 1623 732 1709; x_wconf 75' lang='grc' dir='ltr'><strong><em>τερατευσάμενος,</em></strong></span> <span class='ocrx_word' id='word_1_120' title='bbox 753 1624 796 1699; x_wconf 70' lang='grc' dir='ltr'><strong>οἷς</strong></span> <span class='ocrx_word' id='word_1_121' title='bbox 820 1622 948 1704; x_wconf 65' lang='lat' dir='ltr'><strong>sidio,</strong></span> <span class='ocrx_word' id='word_1_122' title='bbox 977 1625 1032 1687; x_wconf 89' lang='grc' dir='ltr'><strong>καί</strong></span> <span class='ocrx_word' id='word_1_123' title='bbox 1052 1616 1113 1688; x_wconf 80' lang='grc' dir='ltr'><strong>ὅσα</strong></span> <span class='ocrx_word' id='word_1_124' title='bbox 1135 1621 1215 1707; x_wconf 78' lang='grc' dir='ltr'><strong><em>πρὸς</em></strong></span> 
     </span>
     <span class='ocr_line' id='line_1_15' title="bbox 100 1720 1216 1815; baseline 0.001 -27"><span class='ocrx_word' id='word_1_125' title='bbox 100 1720 246 1788; x_wconf 75' lang='grc' dir='ltr'><strong><em>’ἔπαινον</em></strong></span> <span class='ocrx_word' id='word_1_126' title='bbox 267 1723 582 1807; x_wconf 82' lang='grc' dir='ltr'><strong><em>ε’γκαλλοοπισύμενος</em></strong></span> <span class='ocrx_word' id='word_1_127' title='bbox 602 1723 720 1792; x_wconf 78' lang='grc' dir='ltr'><strong><em>ἑαυτοῦ</em></strong></span> <span class='ocrx_word' id='word_1_128' title='bbox 737 1728 815 1810; x_wconf 89' lang='grc' dir='ltr'><strong><em>περί</em></strong></span> <span class='ocrx_word' id='word_1_129' title='bbox 832 1749 865 1790; x_wconf 93' lang='grc' dir='ltr'><strong>τε</strong></span> <span class='ocrx_word' id='word_1_130' title='bbox 886 1728 942 1809; x_wconf 76' lang='grc' dir='ltr'><strong>τῆς</strong></span> <span class='ocrx_word' id='word_1_131' title='bbox 965 1725 999 1791; x_wconf 77' lang='grc' dir='ltr'><strong><em>ἒν</em></strong></span> <span class='ocrx_word' id='word_1_132' title='bbox 1015 1722 1120 1815; x_wconf 75' lang='grc' dir='ltr'><strong><em>λαύρρ</em></strong></span> <span class='ocrx_word' id='word_1_133' title='bbox 1142 1726 1216 1789; x_wconf 77' lang='grc' dir='ltr'><strong><em>δια-</em></strong></span> 
     </span>
    </p>

    <p class='ocr_par' dir='ltr' id='par_1_6' title="bbox 73 1823 1250 2318">
     <span class='ocr_line' id='line_1_16' title="bbox 73 1823 1214 1913; baseline 0.002 -24"><span class='ocrx_word' id='word_1_134' title='bbox 73 1826 224 1910; x_wconf 75' lang='grc' dir='ltr'><strong>15τριθῆς</strong></span> <span class='ocrx_word' id='word_1_135' title='bbox 254 1829 309 1891; x_wconf 87' lang='grc' dir='ltr'><strong>καί</strong></span> <span class='ocrx_word' id='word_1_136' title='bbox 344 1828 400 1910; x_wconf 81' lang='grc' dir='ltr'><strong>τῆς</strong></span> <span class='ocrx_word' id='word_1_137' title='bbox 423 1825 504 1911; x_wconf 81' lang='grc' dir='ltr'><strong><em>πρὸς</em></strong></span> <span class='ocrx_word' id='word_1_138' title='bbox 525 1827 689 1910; x_wconf 82' lang='grc' dir='ltr'><strong><em>Βαρλαύμ</em></strong></span> <span class='ocrx_word' id='word_1_139' title='bbox 709 1830 895 1913; x_wconf 81' lang='grc' dir='ltr'><strong><em>διαλίξεως,</em></strong></span> <span class='ocrx_word' id='word_1_140' title='bbox 926 1829 981 1891; x_wconf 88' lang='grc' dir='ltr'><strong>καί</strong></span> <span class='ocrx_word' id='word_1_141' title='bbox 999 1823 1151 1892; x_wconf 89' lang='grc' dir='ltr'><strong><em>τοιούτων</em></strong></span> <span class='ocrx_word' id='word_1_142' title='bbox 1173 1824 1214 1911; x_wconf 71' lang='lat' dir='ltr'><strong>oo&gt;</strong></span> 
     </span>
     <span class='ocr_line' id='line_1_17' title="bbox 117 1925 1215 2014; baseline 0.002 -24"><span class='ocrx_word' id='word_1_143' title='bbox 117 1928 210 1991; x_wconf 77' lang='grc' dir='ltr'><strong><em>τινῶν</em></strong></span> <span class='ocrx_word' id='word_1_144' title='bbox 227 1925 286 2001; x_wconf 79' lang='grc' dir='ltr'><strong>τοὶς</strong></span> <span class='ocrx_word' id='word_1_145' title='bbox 305 1931 368 1991; x_wconf 76' lang='lat' dir='ltr'><strong>rodo</strong></span> <span class='ocrx_word' id='word_1_146' title='bbox 389 1927 638 2010; x_wconf 78' lang='grc' dir='ltr'><strong><em>παρατυχόντων</em></strong></span> <span class='ocrx_word' id='word_1_147' title='bbox 657 1926 866 2013; x_wconf 74' lang='grc' dir='ltr'><strong><em>ἐμπεπληκώς</em></strong></span> <span class='ocrx_word' id='word_1_148' title='bbox 891 1926 1003 2014; x_wconf 82' lang='grc' dir='ltr'><strong><em>οἶκούς,</em></strong></span> <span class='ocrx_word' id='word_1_149' title='bbox 1032 1928 1087 1993; x_wconf 84' lang='grc' dir='ltr'><strong>καί</strong></span> <span class='ocrx_word' id='word_1_150' title='bbox 1109 1926 1215 2006; x_wconf 79' lang='grc' dir='ltr'><strong><em>δείξας</em></strong></span> 
     </span>
     <span class='ocr_line' id='line_1_18' title="bbox 118 2020 1216 2112; baseline 0.005 -25"><span class='ocrx_word' id='word_1_151' title='bbox 118 2020 216 2090; x_wconf 79' lang='grc' dir='ltr'><strong><em>οἱονεί</em></strong></span> <span class='ocrx_word' id='word_1_152' title='bbox 233 2027 547 2108; x_wconf 74' lang='grc' dir='ltr'><strong><em>προβεβουλευμένον</em></strong></span> <span class='ocrx_word' id='word_1_153' title='bbox 567 2022 649 2092; x_wconf 81' lang='grc' dir='ltr'><strong><em>εἶναι</em></strong></span> <span class='ocrx_word' id='word_1_154' title='bbox 670 2028 726 2092; x_wconf 89' lang='grc' dir='ltr'><strong>καί</strong></span> <span class='ocrx_word' id='word_1_155' title='bbox 746 2031 913 2111; x_wconf 78' lang='grc' dir='ltr'><strong><em>ἐπίβουλον</em></strong></span> <span class='ocrx_word' id='word_1_156' title='bbox 943 2026 999 2094; x_wconf 81' lang='grc' dir='ltr'><strong><em>τὸν</em></strong></span> <span class='ocrx_word' id='word_1_157' title='bbox 1021 2028 1137 2093; x_wconf 85' lang='grc' dir='ltr'><strong><em>σκοπὸν</em></strong></span> <span class='ocrx_word' id='word_1_158' title='bbox 1158 2030 1216 2112; x_wconf 77' lang='grc' dir='ltr'><strong>τῆς</strong></span> 
     </span>
     <span class='ocr_line' id='line_1_19' title="bbox 116 2126 1215 2215; baseline 0.002 -26"><span class='ocrx_word' id='word_1_159' title='bbox 116 2129 290 2209; x_wconf 80' lang='grc' dir='ltr'><strong><em>τηνικαῦτα</em></strong></span> <span class='ocrx_word' id='word_1_160' title='bbox 311 2126 412 2193; x_wconf 66' lang='lat' dir='ltr'><strong>adrui</strong></span> <span class='ocrx_word' id='word_1_161' title='bbox 431 2152 467 2210; x_wconf 84' lang='lat' dir='ltr'><strong>ys</strong></span> <span class='ocrx_word' id='word_1_162' title='bbox 495 2132 665 2212; x_wconf 70' lang='grc' dir='ltr'><strong><em>ἐπιδημίας</em></strong></span> <span class='ocrx_word' id='word_1_163' title='bbox 687 2127 768 2213; x_wconf 81' lang='grc' dir='ltr'><strong><em>πρὸς</em></strong></span> <span class='ocrx_word' id='word_1_164' title='bbox 791 2128 1000 2213; x_wconf 75' lang='grc' dir='ltr'><strong><em>ἐπιδεικτικὴν</em></strong></span> <span class='ocrx_word' id='word_1_165' title='bbox 1024 2131 1215 2215; x_wconf 83' lang='grc' dir='ltr'><strong><em>φαντασίαν,</em></strong></span> 
     </span>
     <span class='ocr_line' id='line_1_20' title="bbox 116 2220 1250 2318; baseline 0.003 -30"><span class='ocrx_word' id='word_1_166' title='bbox 116 2220 185 2290; x_wconf 74' lang='grc' dir='ltr'><strong><em>εἶτα</em></strong></span> <span class='ocrx_word' id='word_1_167' title='bbox 210 2230 345 2310; x_wconf 80' lang='grc' dir='ltr'><strong><em>ἐσίγησε.</em></strong></span> <span class='ocrx_word' id='word_1_168' title='bbox 388 2227 443 2292; x_wconf 90' lang='grc' dir='ltr'><strong>καί</strong></span> <span class='ocrx_word' id='word_1_169' title='bbox 462 2229 515 2291; x_wconf 82' lang='grc' dir='ltr'><strong><em>ίνα</em></strong></span> <span class='ocrx_word' id='word_1_170' title='bbox 536 2230 595 2292; x_wconf 87' lang='grc' dir='ltr'><strong><em>τα’ν</em></strong></span> <span class='ocrx_word' id='word_1_171' title='bbox 613 2235 700 2318; x_wconf 75' lang='grc' dir='ltr'><strong><em>μέσῳ</em></strong></span> <span class='ocrx_word' id='word_1_172' title='bbox 722 2235 894 2313; x_wconf 75' lang='grc' dir='ltr'><strong><em>παρέλθοι,</em></strong></span> <span class='ocrx_word' id='word_1_173' title='bbox 916 2228 970 2292; x_wconf 90' lang='grc' dir='ltr'><strong>καί</strong></span> <span class='ocrx_word' id='word_1_174' title='bbox 990 2222 1050 2293; x_wconf 76' lang='grc' dir='ltr'><strong>ὅσα</strong></span> <span class='ocrx_word' id='word_1_175' title='bbox 1073 2236 1137 2302; x_wconf 77' lang='grc' dir='ltr'><strong>τοῖς</strong></span> <span class='ocrx_word' id='word_1_176' title='bbox 1158 2227 1250 2308; x_wconf 48' lang='grc' dir='ltr'><strong>ἔμω</strong></span> 
     </span>
    </p>

    <p class='ocr_par' dir='ltr' id='par_1_7' title="bbox 72 2322 1346 2619">
     <span class='ocr_line' id='line_1_21' title="bbox 72 2322 1216 2413; baseline -0.002 -20"><span class='ocrx_word' id='word_1_177' title='bbox 72 2331 258 2409; x_wconf 75' lang='grc' dir='ltr'><strong><em>λθπροσθεν</em></strong></span> <span class='ocrx_word' id='word_1_178' title='bbox 279 2330 460 2413; x_wconf 82' lang='grc' dir='ltr'><strong><em>α’ναγκαίοις</em></strong></span> <span class='ocrx_word' id='word_1_179' title='bbox 483 2332 624 2413; x_wconf 76' lang='grc' dir='ltr'><strong><em>γίγνοιντ’</em></strong></span> <span class='ocrx_word' id='word_1_180' title='bbox 647 2322 687 2394; x_wconf 78' lang='grc' dir='ltr'><strong><em>ύν</em></strong></span> <span class='ocrx_word' id='word_1_181' title='bbox 705 2332 869 2411; x_wconf 75' lang='grc' dir='ltr'><strong><em>ἐμποδών,</em></strong></span> <span class='ocrx_word' id='word_1_182' title='bbox 893 2328 972 2413; x_wconf 85' lang='grc' dir='ltr'><strong><em>πρὸς</em></strong></span> <span class='ocrx_word' id='word_1_183' title='bbox 994 2327 1029 2393; x_wconf 88' lang='grc' dir='ltr'><strong>τὸ</strong></span> <span class='ocrx_word' id='word_1_184' title='bbox 1051 2327 1216 2411; x_wconf 74' lang='grc' dir='ltr'><strong><em>ἀπροσδό-</em></strong></span> 
     </span>
     <span class='ocr_line' id='line_1_22' title="bbox 118 2429 1216 2517; baseline 0.003 -27"><span class='ocrx_word' id='word_1_185' title='bbox 118 2451 207 2511; x_wconf 78' lang='grc' dir='ltr'><strong><em>κητον</em></strong></span> <span class='ocrx_word' id='word_1_186' title='bbox 227 2433 338 2494; x_wconf 78' lang='grc' dir='ltr'><strong><em>τουτολ·</em></strong></span> <span class='ocrx_word' id='word_1_187' title='bbox 369 2434 424 2494; x_wconf 88' lang='grc' dir='ltr'><strong>καί</strong></span> <span class='ocrx_word' id='word_1_188' title='bbox 443 2433 604 2517; x_wconf 75' lang='grc' dir='ltr'><strong><em>αἰφνίδιον</em></strong></span> <span class='ocrx_word' id='word_1_189' title='bbox 631 2430 938 2517; x_wconf 77' lang='grc' dir='ltr'><strong><em>προοιμιασάμενος,</em></strong></span> <span class='ocrx_word' id='word_1_190' title='bbox 962 2429 1015 2496; x_wconf 86' lang='grc' dir='ltr'><strong>καί</strong></span> <span class='ocrx_word' id='word_1_191' title='bbox 1037 2430 1216 2515; x_wconf 78' lang='grc' dir='ltr'><strong><em>προδιαλα-</em></strong></span> 
     </span>
     <span class='ocr_line' id='line_1_23' title="bbox 117 2524 1346 2619; baseline 0.007 -28"><span class='ocrx_word' id='word_1_192' title='bbox 117 2524 379 2613; x_wconf 62' lang='lat' dir='ltr'><strong>periucunde,</strong></span> <span class='ocrx_word' id='word_1_193' title='bbox 402 2536 458 2597; x_wconf 85' lang='grc' dir='ltr'><strong>καί</strong></span> <span class='ocrx_word' id='word_1_194' title='bbox 488 2531 690 2619; x_wconf 81' lang='grc' dir='ltr'><strong>ύΓρηγορᾶς</strong></span> <span class='ocrx_word' id='word_1_195' title='bbox 712 2527 761 2598; x_wconf 76' lang='grc' dir='ltr'><strong>ὅτι</strong></span> <span class='ocrx_word' id='word_1_196' title='bbox 792 2526 832 2598; x_wconf 67' lang='lat' dir='ltr'><strong>riv</strong></span> <span class='ocrx_word' id='word_1_197' title='bbox 857 2536 912 2599; x_wconf 83' lang='grc' dir='ltr'><strong>καί</strong></span> <span class='ocrx_word' id='word_1_198' title='bbox 945 2530 1025 2617; x_wconf 81' lang='grc' dir='ltr'><strong><em>πρὸς</em></strong></span> <span class='ocrx_word' id='word_1_199' title='bbox 1046 2531 1148 2597; x_wconf 87' lang='grc' dir='ltr'><strong><em>αύτού</em></strong></span> <span class='ocrx_word' id='word_1_200' title='bbox 1167 2528 1346 2616; x_wconf 60' lang='lat' dir='ltr'><strong>aitrudis.</strong></span> 
     </span>
    </p>
   </div>
   <div class='ocr_carea' id='block_1_3' title="bbox 115 2810 1299 4240">
    <p class='ocr_par' dir='ltr' id='par_1_8' title="bbox 115 2810 1299 4240">
     <span class='ocr_line' id='line_1_24' title="bbox 219 2810 1215 2884; baseline 0.007 -23"><span class='ocrx_word' id='word_1_201' title='bbox 219 2810 296 2875; x_wconf 83' lang='lat' dir='ltr'><strong>Quae</strong></span> <span class='ocrx_word' id='word_1_202' title='bbox 315 2819 403 2864; x_wconf 90' lang='lat' dir='ltr'><strong>antem</strong></span> <span class='ocrx_word' id='word_1_203' title='bbox 420 2822 567 2866; x_wconf 87' lang='lat' dir='ltr'><strong>memoratu</strong></span> <span class='ocrx_word' id='word_1_204' title='bbox 586 2814 709 2883; x_wconf 74' lang='lat' dir='ltr'><strong>digniora</strong></span> <span class='ocrx_word' id='word_1_205' title='bbox 730 2821 832 2867; x_wconf 88' lang='lat' dir='ltr'><strong>suntet</strong></span> <span class='ocrx_word' id='word_1_206' title='bbox 850 2830 919 2884; x_wconf 88' lang='lat' dir='ltr'><strong>quae</strong></span> <span class='ocrx_word' id='word_1_207' title='bbox 937 2816 1103 2882; x_wconf 90' lang='lat' dir='ltr'><strong>potissimum</strong></span> <span class='ocrx_word' id='word_1_208' title='bbox 1124 2816 1215 2869; x_wconf 90' lang='lat' dir='ltr'><strong>audias</strong></span> 
     </span>
     <span class='ocr_line' id='line_1_25' title="bbox 118 2884 1215 2952; baseline -0.001 -17"><span class='ocrx_word' id='word_1_209' title='bbox 118 2895 233 2935; x_wconf 81' lang='lat' dir='ltr'><strong>necesse</strong></span> <span class='ocrx_word' id='word_1_210' title='bbox 256 2891 306 2946; x_wconf 87' lang='lat' dir='ltr'><strong>est,</strong></span> <span class='ocrx_word' id='word_1_211' title='bbox 327 2898 358 2934; x_wconf 90' lang='lat' dir='ltr'><strong>ea</strong></span> <span class='ocrx_word' id='word_1_212' title='bbox 377 2885 460 2952; x_wconf 87' lang='lat' dir='ltr'><strong>igitur</strong></span> <span class='ocrx_word' id='word_1_213' title='bbox 477 2884 598 2937; x_wconf 83' lang='lat' dir='ltr'><strong>breviter</strong></span> <span class='ocrx_word' id='word_1_214' title='bbox 617 2893 644 2937; x_wconf 90' lang='lat' dir='ltr'><strong>et</strong></span> <span class='ocrx_word' id='word_1_215' title='bbox 665 2888 811 2938; x_wconf 76' lang='lat' dir='ltr'><strong>summatim</strong></span> <span class='ocrx_word' id='word_1_216' title='bbox 830 2886 878 2939; x_wconf 91' lang='lat' dir='ltr'><strong>tibi</strong></span> <span class='ocrx_word' id='word_1_217' title='bbox 898 2886 1118 2938; x_wconf 78' lang='lat' dir='ltr'><strong>commemorabo.</strong></span> <span class='ocrx_word' id='word_1_218' title='bbox 1145 2888 1215 2939; x_wconf 81' lang='lat' dir='ltr'><strong>lire.</strong></span> 
     </span>
     <span class='ocr_line' id='line_1_26' title="bbox 118 2955 1216 3024; baseline 0 -19"><span class='ocrx_word' id='word_1_219' title='bbox 118 2967 198 3023; x_wconf 90' lang='lat' dir='ltr'><strong>goras</strong></span> <span class='ocrx_word' id='word_1_220' title='bbox 219 2968 278 3005; x_wconf 91' lang='lat' dir='ltr'><strong>eum</strong></span> <span class='ocrx_word' id='word_1_221' title='bbox 297 2955 376 3006; x_wconf 89' lang='lat' dir='ltr'><strong>modo</strong></span> <span class='ocrx_word' id='word_1_222' title='bbox 395 2970 429 3005; x_wconf 88' lang='lat' dir='ltr'><strong>ex</strong></span> <span class='ocrx_word' id='word_1_223' title='bbox 448 2958 584 3008; x_wconf 90' lang='lat' dir='ltr'><strong>consuetis</strong></span> <span class='ocrx_word' id='word_1_224' title='bbox 609 2958 703 3024; x_wconf 89' lang='lat' dir='ltr'><strong>capitis</strong></span> <span class='ocrx_word' id='word_1_225' title='bbox 722 2957 858 3010; x_wconf 90' lang='lat' dir='ltr'><strong>doloribus</strong></span> <span class='ocrx_word' id='word_1_226' title='bbox 878 2958 951 3009; x_wconf 81' lang='lat' dir='ltr'><strong>vires</strong></span> <span class='ocrx_word' id='word_1_227' title='bbox 982 2972 1125 3023; x_wconf 81' lang='lat' dir='ltr'><strong>parumper</strong></span> <span class='ocrx_word' id='word_1_228' title='bbox 1140 2958 1216 3009; x_wconf 78' lang='grc' dir='ltr'><strong><em>τελε.</em></strong></span> 
     </span>
     <span class='ocr_line' id='line_1_27' title="bbox 119 3026 1216 3096; baseline 0.003 -20"><span class='ocrx_word' id='word_1_229' title='bbox 119 3027 216 3087; x_wconf 83' lang='lat' dir='ltr'><strong>uisset,</strong></span> <span class='ocrx_word' id='word_1_230' title='bbox 241 3026 404 3078; x_wconf 70' lang='lat' dir='ltr'><strong>invitaturus</strong></span> <span class='ocrx_word' id='word_1_231' title='bbox 423 3041 482 3078; x_wconf 90' lang='lat' dir='ltr'><strong>eum</strong></span> <span class='ocrx_word' id='word_1_232' title='bbox 507 3027 540 3079; x_wconf 87' lang='lat' dir='ltr'><strong>ab</strong></span> <span class='ocrx_word' id='word_1_233' title='bbox 568 3030 727 3096; x_wconf 80' lang='lat' dir='ltr'><strong>imperatore</strong></span> <span class='ocrx_word' id='word_1_234' title='bbox 751 3028 848 3079; x_wconf 89' lang='lat' dir='ltr'><strong>missus</strong></span> <span class='ocrx_word' id='word_1_235' title='bbox 875 3036 917 3079; x_wconf 89' lang='lat' dir='ltr'><strong>est</strong></span> <span class='ocrx_word' id='word_1_236' title='bbox 943 3042 1053 3096; x_wconf 86' lang='lat' dir='ltr'><strong>magnus</strong></span> <span class='ocrx_word' id='word_1_237' title='bbox 1077 3028 1216 3095; x_wconf 82' lang='lat' dir='ltr'><strong>logotheta</strong></span> 
     </span>
     <span class='ocr_line' id='line_1_28' title="bbox 119 3097 1217 3168; baseline 0.005 -22"><span class='ocrx_word' id='word_1_238' title='bbox 119 3109 279 3165; x_wconf 90' lang='lat' dir='ltr'><strong>quacunque</strong></span> <span class='ocrx_word' id='word_1_239' title='bbox 298 3097 444 3149; x_wconf 79' lang='lat' dir='ltr'><strong>decanea:</strong></span> <span class='ocrx_word' id='word_1_240' title='bbox 467 3100 538 3168; x_wconf 92' lang='lat' dir='ltr'><strong>quod</strong></span> <span class='ocrx_word' id='word_1_241' title='bbox 557 3116 614 3151; x_wconf 89' lang='lat' dir='ltr'><strong>cnm</strong></span> <span class='ocrx_word' id='word_1_242' title='bbox 633 3115 764 3151; x_wconf 81' lang='lat' dir='ltr'><strong>excusare</strong></span> <span class='ocrx_word' id='word_1_243' title='bbox 787 3112 842 3150; x_wconf 91' lang='lat' dir='ltr'><strong>non</strong></span> <span class='ocrx_word' id='word_1_244' title='bbox 861 3107 969 3167; x_wconf 88' lang='lat' dir='ltr'><strong>posset,</strong></span> <span class='ocrx_word' id='word_1_245' title='bbox 989 3113 1132 3168; x_wconf 76' lang='lat' dir='ltr'><strong>assurgens</strong></span> <span class='ocrx_word' id='word_1_246' title='bbox 1151 3099 1217 3151; x_wconf 87' lang='lat' dir='ltr'><strong>abiit</strong></span> 
     </span>
     <span class='ocr_line' id='line_1_29' title="bbox 121 3166 1215 3239; baseline 0.005 -21"><span class='ocrx_word' id='word_1_247' title='bbox 121 3174 149 3218; x_wconf 90' lang='lat' dir='ltr'><strong>et</strong></span> <span class='ocrx_word' id='word_1_248' title='bbox 166 3166 303 3220; x_wconf 84' lang='lat' dir='ltr'><strong>auditurus</strong></span> <span class='ocrx_word' id='word_1_249' title='bbox 324 3184 382 3219; x_wconf 87' lang='lat' dir='ltr'><strong>eum</strong></span> <span class='ocrx_word' id='word_1_250' title='bbox 401 3171 460 3237; x_wconf 91' lang='lat' dir='ltr'><strong>ipse</strong></span> <span class='ocrx_word' id='word_1_251' title='bbox 478 3179 606 3239; x_wconf 89' lang='lat' dir='ltr'><strong>sequutus</strong></span> <span class='ocrx_word' id='word_1_252' title='bbox 625 3187 692 3222; x_wconf 89' lang='lat' dir='ltr'><strong>sum.</strong></span> <span class='ocrx_word' id='word_1_253' title='bbox 734 3184 822 3223; x_wconf 82' lang='lat' dir='ltr'><strong>serum</strong></span> <span class='ocrx_word' id='word_1_254' title='bbox 848 3171 899 3223; x_wconf 90' lang='lat' dir='ltr'><strong>iam</strong></span> <span class='ocrx_word' id='word_1_255' title='bbox 920 3172 974 3224; x_wconf 94' lang='lat' dir='ltr'><strong>diei</strong></span> <span class='ocrx_word' id='word_1_256' title='bbox 994 3178 1051 3222; x_wconf 85' lang='lat' dir='ltr'><strong>erat</strong></span> <span class='ocrx_word' id='word_1_257' title='bbox 1068 3178 1128 3238; x_wconf 88' lang='lat' dir='ltr'><strong>post</strong></span> <span class='ocrx_word' id='word_1_258' title='bbox 1149 3170 1215 3223; x_wconf 85' lang='lat' dir='ltr'><strong>solis</strong></span> 
     </span>
     <span class='ocr_line' id='line_1_30' title="bbox 117 3240 1215 3311; baseline 0.005 -22"><span class='ocrx_word' id='word_1_259' title='bbox 117 3253 251 3290; x_wconf 88' lang='lat' dir='ltr'><strong>occasum.</strong></span> <span class='ocrx_word' id='word_1_260' title='bbox 296 3256 328 3291; x_wconf 90' lang='lat' dir='ltr'><strong>ac</strong></span> <span class='ocrx_word' id='word_1_261' title='bbox 353 3240 485 3309; x_wconf 80' lang='lat' dir='ltr'><strong>Gregoras</strong></span> <span class='ocrx_word' id='word_1_262' title='bbox 505 3243 610 3309; x_wconf 89' lang='lat' dir='ltr'><strong>quidem</strong></span> <span class='ocrx_word' id='word_1_263' title='bbox 639 3256 697 3292; x_wconf 90' lang='lat' dir='ltr'><strong>cum</strong></span> <span class='ocrx_word' id='word_1_264' title='bbox 716 3241 870 3294; x_wconf 88' lang='lat' dir='ltr'><strong>advenisset</strong></span> <span class='ocrx_word' id='word_1_265' title='bbox 896 3250 922 3294; x_wconf 88' lang='lat' dir='ltr'><strong>et</strong></span> <span class='ocrx_word' id='word_1_266' title='bbox 949 3242 1054 3295; x_wconf 90' lang='lat' dir='ltr'><strong>solitam</strong></span> <span class='ocrx_word' id='word_1_267' title='bbox 1073 3243 1105 3293; x_wconf 90' lang='lat' dir='ltr'><strong>ad</strong></span> <span class='ocrx_word' id='word_1_268' title='bbox 1124 3258 1215 3311; x_wconf 88' lang='lat' dir='ltr'><strong>regem</strong></span> 
     </span>
     <span class='ocr_line' id='line_1_31' title="bbox 117 3309 1215 3381; baseline 0.003 -19"><span class='ocrx_word' id='word_1_269' title='bbox 117 3309 308 3362; x_wconf 88' lang='lat' dir='ltr'><strong>allocutionem</strong></span> <span class='ocrx_word' id='word_1_270' title='bbox 329 3314 519 3380; x_wconf 85' lang='lat' dir='ltr'><strong>expedivisset‚</strong></span> <span class='ocrx_word' id='word_1_271' title='bbox 539 3317 623 3381; x_wconf 87' lang='lat' dir='ltr'><strong>(tum)</strong></span> <span class='ocrx_word' id='word_1_272' title='bbox 643 3313 774 3364; x_wconf 85' lang='lat' dir='ltr'><strong>consedit.</strong></span> <span class='ocrx_word' id='word_1_273' title='bbox 808 3313 877 3365; x_wconf 83' lang='lat' dir='ltr'><strong>forte</strong></span> <span class='ocrx_word' id='word_1_274' title='bbox 897 3322 984 3366; x_wconf 82' lang='lat' dir='ltr'><strong>autem</strong></span> <span class='ocrx_word' id='word_1_275' title='bbox 1004 3314 1109 3367; x_wconf 80' lang='lat' dir='ltr'><strong>fortuna</strong></span> <span class='ocrx_word' id='word_1_276' title='bbox 1128 3316 1215 3367; x_wconf 86' lang='lat' dir='ltr'><strong>rtatim</strong></span> 
     </span>
     <span class='ocr_line' id='line_1_32' title="bbox 115 3381 1215 3453; baseline 0.006 -22"><span class='ocrx_word' id='word_1_277' title='bbox 115 3381 153 3432; x_wconf 90' lang='lat' dir='ltr'><strong>ibi</strong></span> <span class='ocrx_word' id='word_1_278' title='bbox 173 3382 251 3433; x_wconf 86' lang='lat' dir='ltr'><strong>etiam</strong></span> <span class='ocrx_word' id='word_1_279' title='bbox 270 3382 390 3436; x_wconf 84' lang='lat' dir='ltr'><strong>Palamas</strong></span> <span class='ocrx_word' id='word_1_280' title='bbox 417 3386 494 3437; x_wconf 90' lang='lat' dir='ltr'><strong>simul</strong></span> <span class='ocrx_word' id='word_1_281' title='bbox 514 3384 633 3449; x_wconf 89' lang='lat' dir='ltr'><strong>introiit,</strong></span> <span class='ocrx_word' id='word_1_282' title='bbox 653 3385 765 3447; x_wconf 88' lang='lat' dir='ltr'><strong>nescio,</strong></span> <span class='ocrx_word' id='word_1_283' title='bbox 784 3392 870 3435; x_wconf 87' lang='lat' dir='ltr'><strong>utrum</strong></span> <span class='ocrx_word' id='word_1_284' title='bbox 890 3394 999 3453; x_wconf 88' lang='lat' dir='ltr'><strong>propter</strong></span> <span class='ocrx_word' id='word_1_285' title='bbox 1023 3387 1092 3438; x_wconf 91' lang='lat' dir='ltr'><strong>diem</strong></span> <span class='ocrx_word' id='word_1_286' title='bbox 1111 3385 1215 3439; x_wconf 88' lang='lat' dir='ltr'><strong>iamdu-</strong></span> 
     </span>
     <span class='ocr_line' id='line_1_33' title="bbox 116 3453 1215 3526; baseline 0.005 -23"><span class='ocrx_word' id='word_1_287' title='bbox 116 3453 177 3503; x_wconf 89' lang='lat' dir='ltr'><strong>dum</strong></span> <span class='ocrx_word' id='word_1_288' title='bbox 196 3454 367 3506; x_wconf 81' lang='lat' dir='ltr'><strong>constitutam</strong></span> <span class='ocrx_word' id='word_1_289' title='bbox 386 3457 556 3508; x_wconf 87' lang='lat' dir='ltr'><strong>insidiaturus</strong></span> <span class='ocrx_word' id='word_1_290' title='bbox 575 3456 611 3507; x_wconf 89' lang='lat' dir='ltr'><strong>ibi</strong></span> <span class='ocrx_word' id='word_1_291' title='bbox 632 3457 748 3519; x_wconf 86' lang='lat' dir='ltr'><strong>adesset,</strong></span> <span class='ocrx_word' id='word_1_292' title='bbox 767 3470 801 3506; x_wconf 90' lang='lat' dir='ltr'><strong>an</strong></span> <span class='ocrx_word' id='word_1_293' title='bbox 821 3472 893 3520; x_wconf 88' lang='lat' dir='ltr'><strong>casn,</strong></span> <span class='ocrx_word' id='word_1_294' title='bbox 913 3466 942 3508; x_wconf 90' lang='lat' dir='ltr'><strong>ut</strong></span> <span class='ocrx_word' id='word_1_295' title='bbox 959 3457 1106 3526; x_wconf 87' lang='lat' dir='ltr'><strong>pleraeque</strong></span> <span class='ocrx_word' id='word_1_296' title='bbox 1124 3474 1167 3510; x_wconf 87' lang='lat' dir='ltr'><strong>res</strong></span> <span class='ocrx_word' id='word_1_297' title='bbox 1186 3457 1215 3508; x_wconf 94' lang='lat' dir='ltr'><strong>in</strong></span> 
     </span>
     <span class='ocr_line' id='line_1_34' title="bbox 115 3527 1215 3597; baseline 0.005 -24"><span class='ocrx_word' id='word_1_298' title='bbox 115 3530 187 3574; x_wconf 89' lang='lat' dir='ltr'><strong>terra</strong></span> <span class='ocrx_word' id='word_1_299' title='bbox 208 3532 301 3589; x_wconf 85' lang='lat' dir='ltr'><strong>gestae</strong></span> <span class='ocrx_word' id='word_1_300' title='bbox 320 3527 378 3579; x_wconf 87' lang='lat' dir='ltr'><strong>lieri</strong></span> <span class='ocrx_word' id='word_1_301' title='bbox 396 3528 494 3580; x_wconf 86' lang='lat' dir='ltr'><strong>solent.</strong></span> <span class='ocrx_word' id='word_1_302' title='bbox 522 3528 568 3596; x_wconf 92' lang='lat' dir='ltr'><strong>qui</strong></span> <span class='ocrx_word' id='word_1_303' title='bbox 589 3542 647 3578; x_wconf 89' lang='lat' dir='ltr'><strong>cnm</strong></span> <span class='ocrx_word' id='word_1_304' title='bbox 661 3530 750 3594; x_wconf 90' lang='lat' dir='ltr'><strong>prisea</strong></span> <span class='ocrx_word' id='word_1_305' title='bbox 766 3528 947 3594; x_wconf 90' lang='lat' dir='ltr'><strong>imprudenter</strong></span> <span class='ocrx_word' id='word_1_306' title='bbox 967 3539 1075 3597; x_wconf 86' lang='lat' dir='ltr'><strong>atquae</strong></span> <span class='ocrx_word' id='word_1_307' title='bbox 1095 3528 1215 3580; x_wconf 86' lang='lat' dir='ltr'><strong>oblivio.</strong></span> 
     </span>
     <span class='ocr_line' id='line_1_35' title="bbox 115 3594 1215 3667; baseline 0.007 -22"><span class='ocrx_word' id='word_1_308' title='bbox 115 3594 158 3645; x_wconf 89' lang='lat' dir='ltr'><strong>nis</strong></span> <span class='ocrx_word' id='word_1_309' title='bbox 176 3594 325 3659; x_wconf 77' lang='lat' dir='ltr'><strong>profundae</strong></span> <span class='ocrx_word' id='word_1_310' title='bbox 355 3598 506 3652; x_wconf 80' lang='lat' dir='ltr'><strong>fluminibus</strong></span> <span class='ocrx_word' id='word_1_311' title='bbox 532 3599 642 3667; x_wconf 87' lang='lat' dir='ltr'><strong>abrepta</strong></span> <span class='ocrx_word' id='word_1_312' title='bbox 664 3607 773 3664; x_wconf 89' lang='lat' dir='ltr'><strong>essent,</strong></span> <span class='ocrx_word' id='word_1_313' title='bbox 798 3599 873 3651; x_wconf 92' lang='lat' dir='ltr'><strong>nullo</strong></span> <span class='ocrx_word' id='word_1_314' title='bbox 902 3602 979 3652; x_wconf 89' lang='lat' dir='ltr'><strong>modo</strong></span> <span class='ocrx_word' id='word_1_315' title='bbox 999 3600 1163 3667; x_wconf 85' lang='lat' dir='ltr'><strong>pertinentia</strong></span> <span class='ocrx_word' id='word_1_316' title='bbox 1182 3602 1215 3653; x_wconf 89' lang='lat' dir='ltr'><strong>ad</strong></span> 
     </span>
     <span class='ocr_line' id='line_1_36' title="bbox 117 3668 1214 3740; baseline 0.007 -25"><span class='ocrx_word' id='word_1_317' title='bbox 117 3678 174 3715; x_wconf 87' lang='lat' dir='ltr'><strong>eam</strong></span> <span class='ocrx_word' id='word_1_318' title='bbox 193 3678 264 3729; x_wconf 90' lang='lat' dir='ltr'><strong>rem,</strong></span> <span class='ocrx_word' id='word_1_319' title='bbox 290 3668 323 3717; x_wconf 96' lang='lat' dir='ltr'><strong>de</strong></span> <span class='ocrx_word' id='word_1_320' title='bbox 350 3685 401 3737; x_wconf 87' lang='lat' dir='ltr'><strong>qua</strong></span> <span class='ocrx_word' id='word_1_321' title='bbox 430 3679 485 3722; x_wconf 89' lang='lat' dir='ltr'><strong>tum</strong></span> <span class='ocrx_word' id='word_1_322' title='bbox 506 3672 649 3739; x_wconf 89' lang='lat' dir='ltr'><strong>agebatur,</strong></span> <span class='ocrx_word' id='word_1_323' title='bbox 676 3671 834 3739; x_wconf 86' lang='lat' dir='ltr'><strong>protulisset</strong></span> <span class='ocrx_word' id='word_1_324' title='bbox 862 3678 889 3723; x_wconf 90' lang='lat' dir='ltr'><strong>et</strong></span> <span class='ocrx_word' id='word_1_325' title='bbox 912 3672 1043 3740; x_wconf 87' lang='lat' dir='ltr'><strong>gloriatus</strong></span> <span class='ocrx_word' id='word_1_326' title='bbox 1067 3678 1148 3735; x_wconf 87' lang='lat' dir='ltr'><strong>esset,</strong></span> <span class='ocrx_word' id='word_1_327' title='bbox 1168 3674 1214 3738; x_wconf 91' lang='lat' dir='ltr'><strong>qui</strong></span> 
     </span>
     <span class='ocr_line' id='line_1_37' title="bbox 116 3736 1214 3810; baseline 0.005 -25"><span class='ocrx_word' id='word_1_328' title='bbox 116 3743 173 3786; x_wconf 88' lang='lat' dir='ltr'><strong>erat</strong></span> <span class='ocrx_word' id='word_1_329' title='bbox 192 3736 250 3786; x_wconf 88' lang='lat' dir='ltr'><strong>eins</strong></span> <span class='ocrx_word' id='word_1_330' title='bbox 268 3752 335 3801; x_wconf 89' lang='lat' dir='ltr'><strong>mos,</strong></span> <span class='ocrx_word' id='word_1_331' title='bbox 355 3747 382 3790; x_wconf 89' lang='lat' dir='ltr'><strong>et</strong></span> <span class='ocrx_word' id='word_1_332' title='bbox 400 3743 432 3793; x_wconf 88' lang='lat' dir='ltr'><strong>ad</strong></span> <span class='ocrx_word' id='word_1_333' title='bbox 450 3742 554 3794; x_wconf 88' lang='lat' dir='ltr'><strong>laudern</strong></span> <span class='ocrx_word' id='word_1_334' title='bbox 582 3759 655 3795; x_wconf 86' lang='lat' dir='ltr'><strong>suam</strong></span> <span class='ocrx_word' id='word_1_335' title='bbox 673 3743 755 3795; x_wconf 88' lang='lat' dir='ltr'><strong>multa</strong></span> <span class='ocrx_word' id='word_1_336' title='bbox 784 3744 817 3795; x_wconf 91' lang='lat' dir='ltr'><strong>de</strong></span> <span class='ocrx_word' id='word_1_337' title='bbox 837 3758 868 3795; x_wconf 87' lang='lat' dir='ltr'><strong>so</strong></span> <span class='ocrx_word' id='word_1_338' title='bbox 893 3742 1039 3810; x_wconf 88' lang='lat' dir='ltr'><strong>gloriosius</strong></span> <span class='ocrx_word' id='word_1_339' title='bbox 1057 3742 1214 3808; x_wconf 87' lang='lat' dir='ltr'><strong>praedicas.</strong></span> 
     </span>
     <span class='ocr_line' id='line_1_38' title="bbox 116 3810 1214 3881; baseline 0.003 -22"><span class='ocrx_word' id='word_1_340' title='bbox 116 3814 166 3871; x_wconf 85' lang='lat' dir='ltr'><strong>set,</strong></span> <span class='ocrx_word' id='word_1_341' title='bbox 187 3813 215 3857; x_wconf 92' lang='lat' dir='ltr'><strong>et</strong></span> <span class='ocrx_word' id='word_1_342' title='bbox 233 3810 466 3862; x_wconf 87' lang='lat' dir='ltr'><strong>commorationem</strong></span> <span class='ocrx_word' id='word_1_343' title='bbox 485 3815 513 3863; x_wconf 90' lang='lat' dir='ltr'><strong>in</strong></span> <span class='ocrx_word' id='word_1_344' title='bbox 537 3823 690 3867; x_wconf 87' lang='lat' dir='ltr'><strong>monastero</strong></span> <span class='ocrx_word' id='word_1_345' title='bbox 716 3816 811 3867; x_wconf 84' lang='lat' dir='ltr'><strong>laetam</strong></span> <span class='ocrx_word' id='word_1_346' title='bbox 837 3822 864 3864; x_wconf 90' lang='lat' dir='ltr'><strong>et</strong></span> <span class='ocrx_word' id='word_1_347' title='bbox 883 3812 1049 3881; x_wconf 88' lang='lat' dir='ltr'><strong>colloquium</strong></span> <span class='ocrx_word' id='word_1_348' title='bbox 1068 3828 1126 3864; x_wconf 89' lang='lat' dir='ltr'><strong>cum</strong></span> <span class='ocrx_word' id='word_1_349' title='bbox 1145 3812 1214 3867; x_wconf 90' lang='lat' dir='ltr'><strong>Bar.</strong></span> 
     </span>
     <span class='ocr_line' id='line_1_39' title="bbox 115 3878 1299 3955; baseline 0.002 -25"><span class='ocrx_word' id='word_1_350' title='bbox 115 3878 203 3930; x_wconf 91' lang='lat' dir='ltr'><strong>laamo</strong></span> <span class='ocrx_word' id='word_1_351' title='bbox 223 3878 372 3931; x_wconf 88' lang='lat' dir='ltr'><strong>institutum</strong></span> <span class='ocrx_word' id='word_1_352' title='bbox 394 3889 423 3931; x_wconf 91' lang='lat' dir='ltr'><strong>et</strong></span> <span class='ocrx_word' id='word_1_353' title='bbox 438 3883 503 3934; x_wconf 88' lang='lat' dir='ltr'><strong>talia</strong></span> <span class='ocrx_word' id='word_1_354' title='bbox 523 3884 598 3951; x_wconf 83' lang='lat' dir='ltr'><strong>iere,</strong></span> <span class='ocrx_word' id='word_1_355' title='bbox 625 3894 764 3955; x_wconf 90' lang='lat' dir='ltr'><strong>postquam</strong></span> <span class='ocrx_word' id='word_1_356' title='bbox 783 3901 862 3939; x_wconf 89' lang='lat' dir='ltr'><strong>aures</strong></span> <span class='ocrx_word' id='word_1_357' title='bbox 882 3898 991 3950; x_wconf 89' lang='lat' dir='ltr'><strong>eornm,</strong></span> <span class='ocrx_word' id='word_1_358' title='bbox 1022 3886 1141 3953; x_wconf 91' lang='lat' dir='ltr'><strong>quitum</strong></span> <span class='ocrx_word' id='word_1_359' title='bbox 1164 3886 1213 3937; x_wconf 90' lang='lat' dir='ltr'><strong>ad.</strong></span> <span class='ocrx_word' id='word_1_360' title='bbox 1295 3890 1299 3896; x_wconf 81' lang='grc'>’</span> 
     </span>
     <span class='ocr_line' id='line_1_40' title="bbox 117 3949 1214 4026; baseline 0.001 -24"><span class='ocrx_word' id='word_1_361' title='bbox 117 3955 202 4013; x_wconf 89' lang='lat' dir='ltr'><strong>erant,</strong></span> <span class='ocrx_word' id='word_1_362' title='bbox 223 3949 347 4014; x_wconf 81' lang='lat' dir='ltr'><strong>implevit</strong></span> <span class='ocrx_word' id='word_1_363' title='bbox 365 3958 392 4002; x_wconf 87' lang='lat' dir='ltr'><strong>et</strong></span> <span class='ocrx_word' id='word_1_364' title='bbox 410 3959 533 4021; x_wconf 86' lang='lat' dir='ltr'><strong>tanquam</strong></span> <span class='ocrx_word' id='word_1_365' title='bbox 545 3958 692 4009; x_wconf 89' lang='lat' dir='ltr'><strong>iamdudum</strong></span> <span class='ocrx_word' id='word_1_366' title='bbox 705 3959 885 4026; x_wconf 86' lang='lat' dir='ltr'><strong>excogitatum</strong></span> <span class='ocrx_word' id='word_1_367' title='bbox 905 3964 931 4008; x_wconf 89' lang='lat' dir='ltr'><strong>et</strong></span> <span class='ocrx_word' id='word_1_368' title='bbox 944 3956 1100 4009; x_wconf 89' lang='lat' dir='ltr'><strong>insidiosum</strong></span> <span class='ocrx_word' id='word_1_369' title='bbox 1120 3962 1214 4008; x_wconf 89' lang='lat' dir='ltr'><strong>osten.</strong></span> 
     </span>
     <span class='ocr_line' id='line_1_41' title="bbox 116 4019 1215 4097; baseline 0.002 -24"><span class='ocrx_word' id='word_1_370' title='bbox 116 4022 156 4073; x_wconf 89' lang='lat' dir='ltr'><strong>dit</strong></span> <span class='ocrx_word' id='word_1_371' title='bbox 173 4019 315 4072; x_wconf 83' lang='lat' dir='ltr'><strong>consilinm</strong></span> <span class='ocrx_word' id='word_1_372' title='bbox 334 4024 464 4075; x_wconf 84' lang='lat' dir='ltr'><strong>adventus</strong></span> <span class='ocrx_word' id='word_1_373' title='bbox 484 4026 525 4076; x_wconf 89' lang='lat' dir='ltr'><strong>sui</strong></span> <span class='ocrx_word' id='word_1_374' title='bbox 542 4026 662 4095; x_wconf 89' lang='lat' dir='ltr'><strong>gloriosa</strong></span> <span class='ocrx_word' id='word_1_375' title='bbox 680 4031 791 4097; x_wconf 90' lang='lat' dir='ltr'><strong>quadam</strong></span> <span class='ocrx_word' id='word_1_376' title='bbox 809 4028 971 4080; x_wconf 72' lang='lat' dir='ltr'><strong>iactatione:</strong></span> <span class='ocrx_word' id='word_1_377' title='bbox 992 4028 1129 4080; x_wconf 89' lang='lat' dir='ltr'><strong>conticuit.</strong></span> <span class='ocrx_word' id='word_1_378' title='bbox 1171 4034 1215 4077; x_wconf 90' lang='lat' dir='ltr'><strong>at.</strong></span> 
     </span>
     <span class='ocr_line' id='line_1_42' title="bbox 119 4095 1214 4170; baseline 0.006 -28"><span class='ocrx_word' id='word_1_379' title='bbox 119 4108 172 4162; x_wconf 90' lang='lat' dir='ltr'><strong>qne</strong></span> <span class='ocrx_word' id='word_1_380' title='bbox 191 4099 309 4160; x_wconf 84' lang='lat' dir='ltr'><strong>atquae</strong></span> <span class='ocrx_word' id='word_1_381' title='bbox 328 4095 487 4163; x_wconf 88' lang='lat' dir='ltr'><strong>interposita</strong></span> <span class='ocrx_word' id='word_1_382' title='bbox 513 4106 575 4150; x_wconf 82' lang='lat' dir='ltr'><strong>aaut</strong></span> <span class='ocrx_word' id='word_1_383' title='bbox 603 4102 718 4153; x_wconf 83' lang='lat' dir='ltr'><strong>omittam</strong></span> <span class='ocrx_word' id='word_1_384' title='bbox 745 4110 772 4153; x_wconf 89' lang='lat' dir='ltr'><strong>et</strong></span> <span class='ocrx_word' id='word_1_385' title='bbox 791 4114 965 4170; x_wconf 82' lang='lat' dir='ltr'><strong>quaeeunque</strong></span> <span class='ocrx_word' id='word_1_386' title='bbox 990 4107 1068 4151; x_wconf 89' lang='lat' dir='ltr'><strong>autea</strong></span> <span class='ocrx_word' id='word_1_387' title='bbox 1085 4110 1214 4150; x_wconf 82' lang='lat' dir='ltr'><strong>neeessa-</strong></span> 
     </span>
     <span class='ocr_line' id='line_1_43' title="bbox 119 4164 1214 4240; baseline 0.002 -25"><span class='ocrx_word' id='word_1_388' title='bbox 119 4165 168 4219; x_wconf 89' lang='lat' dir='ltr'><strong>rlls</strong></span> <span class='ocrx_word' id='word_1_389' title='bbox 187 4164 304 4232; x_wconf 74' lang='lat' dir='ltr'><strong>obstant,</strong></span> <span class='ocrx_word' id='word_1_390' title='bbox 323 4168 443 4221; x_wconf 85' lang='lat' dir='ltr'><strong>adhaec</strong></span> <span class='ocrx_word' id='word_1_391' title='bbox 463 4171 646 4238; x_wconf 78' lang='lat' dir='ltr'><strong>inexspectata</strong></span> <span class='ocrx_word' id='word_1_392' title='bbox 674 4179 701 4222; x_wconf 87' lang='lat' dir='ltr'><strong>et</strong></span> <span class='ocrx_word' id='word_1_393' title='bbox 718 4170 910 4240; x_wconf 80' lang='lat' dir='ltr'><strong>extemporalia</strong></span> <span class='ocrx_word' id='word_1_394' title='bbox 935 4170 1114 4239; x_wconf 81' lang='lat' dir='ltr'><strong>prooemiatur</strong></span> <span class='ocrx_word' id='word_1_395' title='bbox 1134 4180 1214 4236; x_wconf 88' lang='lat' dir='ltr'><strong>prae.</strong></span> 
     </span>
    </p>
   </div>
   <div class='ocr_carea' id='block_1_4' title="bbox 0 0 1514 4759">
    <p class='ocr_par' dir='ltr' id='par_1_9' title="bbox 0 0 1514 4759">
     <span class='ocr_line' id='line_1_44' title="bbox 0 0 1514 4759; baseline 0 1"><span class='ocrx_word' id='word_1_396' title='bbox 0 0 1514 4759; x_wconf 95' lang='lat' dir='ltr'><strong> </strong></span> 
     </span>
    </p>
   </div>
  </div>
 </body>
</html>
