3017 4759
278 249 354 330 380
577 259 801 326 memnoni
834 255 1077 360 careonis

279 421 509 504 τοό’σόνεγγυς
530 423 771 503 όνιιτρέποντος.
816 421 984 507 οἶνόγνωθί
1002 446 1073 505 σου,
1093 425 1200 508 φησίν,
1221 419 1279 508 τὴν
1304 419 1393 503 όμσ-

277 528 403 608 λογίαν,
425 520 572 606 αόρετικέ.
615 518 667 588 ὅτε
688 527 869 608 προσῆλθες
889 528 1124 609 βαπτισθῆναι,
1147 527 1180 590 τί
1199 518 1306 605 εἶπες,·
1329 525 1394 590 καί

277 624 331 690 έπί
351 627 410 705 μέν
431 628 492 690 soor
516 631 657 710 φρικτοόν
679 629 806 690 ἐκείνων
835 632 1020 711 μυστηρίων
1047 625 1106 713 την
1130 630 1236 708 πίστιν
1256 629 1390 710 προση-

167 776 177 790 ,
276 750 386 812 γαγες,
418 731 477 791 νῦν
496 729 531 791 δὲ
563 731 621 792 τοῦ
652 732 730 792 θεοῦ
748 722 1035 811 ’πολυπραγμονεῖς
1064 729 1124 813 την
1146 722 1275 809 οὖσίανς
1313 730 1390 792 ἀλλ’

276 823 338 910 όρσ
357 829 390 893 τί
419 822 515 891 πόλιν
548 826 707 912 όέχθρός
738 831 896 910 ἀντιλέγει
928 833 982 912 τῆς
1017 829 1185 915 ἀληθείας·
1240 830 1283 914 μη
1317 828 1415 913 γόρῡ

279 925 401 1010 ἐργοός
423 927 497 1010 ἡμῖν
519 929 537 992 ό
557 928 633 1005 θεός
656 931 773 995 δέδωκε
792 928 979 1014 λογισμοόςς
1010 929 1055 1014 μὴ
1077 932 1138 1012 γὰρ
1161 932 1269 1005 ἅπλῶς
1292 932 1388 1012 εἰλη-

277 1051 385 1114 φαμεν
408 1030 466 1094 τοῦ
486 1033 542 1093 νοῦ
562 1027 598 1096 τό
622 1028 802 1114 ιιριτὴριονς
834 1034 888 1095 δεῖ
905 1034 959 1096 καί
985 1039 1146 1114 λογισμοῖς
1168 1035 1300 1116 ε’ρευνᾶν
1321 1029 1388 1114 την

276 1132 391 1212 πίστιν,
414 1134 470 1196 καί
486 1133 531 1214 μὴ
552 1131 756 1209 ἀνεξέταστον
767 1128 849 1199 εἶναι
870 1132 927 1217 την
949 1134 1126 1216 ια’σέβειαν.
1157 1130 1239 1196 α’λλό
1262 1131 1386 1214 χρετόν,

145 1232 396 1319 upuppae,
426 1234 526 1315 έχθρὲ
560 1236 617 1316 τῆς
637 1232 815 1315 ἀληθείας,
847 1238 903 1319 τῆς
933 1231 1105 1312 ἐξετάσεως
1132 1229 1207 1316 όρον
1236 1227 1384 1297 eitam&

274 1338 349 1399 θεία
372 1332 464 1416 λόγια
486 1338 541 1399 καί
552 1335 626 1411 τοός
649 1344 725 1419 παρ’
746 1337 847 1402 αὐτοῦ
868 1339 1018 1411 δοθέντας
1039 1336 1114 1420 ἡμῖν
1137 1339 1192 1419 τῆς
1213 1335 1387 1416 εόσεβείας
1400 1347 1433 1400 1⁰

238 1436 416 1518 ,nordwe-
466 1435 506 1502 σό
530 1438 561 1501 δ’
582 1435 782 1519 ὑπερβαίνων
809 1434 906 1525 βιάζῃ
936 1435 995 1521 την
1024 1437 1188 1522 ἀληθειαν.
1245 1433 1302 1534 καί
1319 1429 1386 1518 όρα

274 1536 370 1604 πόλιν
403 1543 489 1613 τίνας
520 1536 537 1604 ό
560 1535 718 1624 αἱρετικός
749 1539 907 1624 ὑποφέρει
924 1538 1046 1621 λόγους.
1101 1539 1161 1621 οὐχ
1183 1539 1387 1622 εὖρίσιιομεν,

281 1645 400 1728 φησίν,
435 1639 492 1726 την
513 1643 617 1707 πίστιν
647 1643 781 1726 α’σφολῆ
812 1640 966 1726 πανταχῇ.
1022 1636 1209 1722 εόρίσιιομεν
1239 1637 1300 1723 γόρ
1325 1638 1386 1704 τόν

273 1741 380 1824 Ἀόόμ
398 1741 462 1806 σ’πό
485 1746 540 1826 τῆς
559 1745 691 1815 πίστεως
706 1740 853 1810 πεσόντα.
898 1737 958 1822 όρα
983 1742 1018 1805 tt
1037 1745 1092 1806 καί
1111 1743 1167 1805 τοῦ
1182 1740 1387 1825 Χρυσορρη-

274 1867 369 1927 μονος
389 1839 445 1928 την
469 1837 711 1927 α’νθυποφορόν.
755 1845 870 1924 βλέπε,
893 1847 989 1928 φησί,
1024 1838 1120 1905 πόλιν
1147 1844 1206 1906 τοῦ
1237 1847 1386 1926 πονηροῦ
1397 1855 1429 1910 15

276 1947 425 2026 δαίμονος
452 1941 490 2008 τό
526 1941 652 2029 ῥήματα
684 1947 741 2007 τοῦ
763 1943 866 2006 πάντα
894 1946 1080 2022 τολμῶντος.
1113 1944 1180 2005 ἀλλ’
1202 1945 1263 2024 οόχ
1284 1941 1301 2005 ό
1325 1969 1386 2006 πι-

278 2045 402 2113 οτεόων
426 2048 470 2134 τῷ
488 2042 614 2127 τυχόντι
635 2029 756 2124 πιστός,
780 2043 851 2108 ἀλλ’
870 2043 885 2108 ό
907 2047 973 2132 θεῷ
995 2043 1152 2108 πιστεόων
1173 2044 1312 2128 α’ληθοῐς.
1334 2043 1383 2128 μη

280 2145 342 2233 γόρ
364 2145 486 2228 ἔδειξας
507 2141 556 2210 ότι
578 2147 645 2236 θεῷ
663 2146 837 2220 πιστεύσας
860 2142 1022 2226 α’παόλετος
1048 2142 1186 2230 διαβόλῳ
1204 2142 1386 2222 πιστεόσας

277 2245 439 2329 innitere,
468 2251 534 2337 θεῷ
563 2240 741 2330 ἇπιστὴσας
781 2247 953 2332 ω’λίσθησε.
1006 2244 1128 2321 τούτοις
1151 2249 1232 2325 ,μὲν
1253 2243 1291 2329 θη
1324 2239 1386 2311 σόν

276 2360 342 2425 τοῖς
363 2348 486 2438 βήμασι
516 2348 571 2414 τόν
606 2345 768 2432 αἱρετικόν
802 2347 987 2430 ἐπεστόμισε
1017 2347 1107 2413 τότε·
1164 2346 1207 2430 μή
1232 2349 1329 2427 μόνον
1351 2351 1430 2412 δ’20

274 2446 355 2534 οὖν,
378 2447 459 2517 α’λλα
488 2448 543 2513 καί
571 2445 641 2515 ὅσοι
672 2455 808 2517 εἰιεῑθεν
825 2449 856 2526 ἐς
883 2451 956 2515 τόδε
972 2448 1074 2515 ταύτό
1110 2457 1175 2524 τοῖς
1207 2445 1383 2532 αἱρετικοῖς

275 2555 408 2629 όκείνοις
430 2556 648 2637 προφέρουσιν
670 2550 790 2634 ἕτεροι,
809 2560 874 2627 τοῖς
896 2553 1003 2626 ου’τοῖς
1028 2553 1085 2615 τοῦ
1107 2550 1382 2636 Χρυσορρημονος

272 2644 410 2728 ἅπαντες
429 2655 537 2735 βέλεσι
557 2649 753 2734 πλὴττονται.

346 2789 371 2840 1.
385 2790 443 2878 ,¹⁰¹⁷
459 2789 674 2880 Χρνοοσιόμου
699 2791 729 2846 ἔτι
750 2790 801 2844 τοῦ
831 2792 871 2852 είς
897 2785 930 2844 τό
951 2784 1038 2863 ῥητόν
1058 2785 1090 2846 τό
1117 2790 1149 2848 έν
1175 2773 1245 2864 ποία
1264 2791 1382 2862 ἐξουσίᾳ

342 2877 433 2916 ταντα
445 2877 547 2923 ποιεις.

276 2977 347 3047 quit,
367 2972 656 3028 contemtoremtuam
680 2975 829 3029 haeretice.
866 2993 945 3044 quum
970 2976 1004 3029 ad
1029 2976 1213 3045 baptisterium
1238 2976 1381 3030 accessisti

279 3049 343 3118 quid
362 3047 504 3100 confessus
523 3045 578 3099 es?
596 3047 737 3101 horrendis
758 3047 814 3100 illis
824 3048 959 3116 mysteriis
973 3048 1049 3102 tidem
1059 3046 1200 3101 habuisti?
1219 3062 1290 3099 nunc
1309 3062 1379 3100 vero

229 3166 232 3171 ,
281 3120 326 3174 τιεί
345 3120 488 3171 essentiam
507 3126 671 3188 scruteturcs
699 3119 752 3172 es?
797 3120 843 3172 sed
872 3120 933 3170 vide
962 3136 1031 3189 quae
1059 3122 1180 3173 veritatis
1207 3120 1379 3171 adversarius

277 3191 471 3245 contradicat.
510 3190 591 3257 quid,
619 3192 724 3260 inquit,
751 3207 842 3244 nonne
862 3205 948 3243 acrem
967 3191 1045 3242 nobis
1066 3201 1180 3244 mentem
1200 3191 1272 3242 dedit
1290 3190 1380 3242 deus?

276 3277 369 3318 nonne
388 3275 485 3314 revera
501 3263 654 3328 accepimus
681 3263 793 3316 rationis
820 3261 978 3315 criterium?
1009 3279 1073 3332 ergo
1103 3271 1193 3316 mente
1218 3277 1269 3314 nos
1299 3261 1379 3313 fldem

275 3338 474 3404 perscrutemur
499 3340 608 3398 oportet
631 3349 720 3402 neque
744 3337 831 3402 pietas
863 3333 1029 3402 inexplorate
1063 3351 1123 3388 csse
1149 3334 1237 3386 debet.
1285 3341 1380 3385 contra

276 3405 345 3460 ille:
369 3408 477 3470 oportet
501 3409 589 3454 autem
609 3406 734 3465 veritatis,
752 3407 924 3470 adversarie,
945 3407 1103 3458 scrutetioni
1122 3416 1231 3459 nostroe
1249 3407 1378 3457 terminos

277 3474 460 3546 praescribant
478 3473 569 3526 divina
588 3485 732 3544 praecepta
751 3485 779 3530 et
797 3493 813 3528 α
831 3478 881 3529 deo
901 3477 977 3528 datae
998 3476 1076 3529 nobis
1097 3480 1205 3546 pietatis
1224 3477 1310 3545 teges.
1349 3484 1379 3528 tu

281 3562 349 3602 vero
368 3544 543 3599 transiliendo
563 3547 591 3598 iu
617 3549 756 3599 veritatem
782 3563 888 3614 peccas.
935 3548 982 3600 sed
1009 3549 1071 3600 ride
1091 3565 1159 3618 quae
1176 3550 1231 3602 alia
1257 3547 1378 3617 proferat

275 3620 445 3676 haereticus:
470 3632 524 3668 aon
546 3619 711 3683 invenimus,
729 3621 826 3687 inquit,
845 3619 922 3670 tidem
941 3627 1021 3670 tutam
1042 3619 1151 3689 ubique.
1189 3624 1287 3674 scimus
1306 3621 1377 3670 enim

276 3694 363 3750 Adam
383 3691 462 3742 etiam
480 3689 533 3742 fide
551 3689 674 3757 lapsum!
711 3692 755 3742 sed
777 3691 839 3743 ride
851 3692 928 3742 etiam
943 3706 1011 3758 quae
1022 3691 1228 3759 chrysostomus
1249 3692 1312 3743 huic
1330 3707 1379 3742 re.

275 3764 424 3832 spondeat:
445 3762 607 3826 ‘considam
627 3763 724 3830 inquit,
744 3776 836 3814 rursus
856 3761 965 3830 maligni
978 3763 1113 3818 daemonis
1128 3766 1198 3817 dicta
1219 3764 1306 3816 ornnia
1326 3778 1378 3830 pe.

278 3833 431 3890 riclitasrtis.
471 3847 526 3884 ron
546 3836 592 3901 qui
612 3833 734 3886 fortunae
754 3833 864 3886 contidit
882 3833 969 3885 tidelis
989 3841 1031 3884 est
1054 3837 1101 3889 sed
1133 3838 1178 3906 qui
1197 3838 1247 3890 deo
1268 3835 1379 3887 contidit

153 3927 163 3935 ·
275 3905 453 3961 inveritate.
492 3919 526 3955 an
544 3906 731 3958 demonstrasti
755 3904 831 3956 illum
857 3904 909 3957 deo
934 3905 1075 3959 confidisse
1103 3916 1130 3959 et
1154 3909 1193 3960 sic
1216 3904 1379 3960 interiissc?

281 3974 390 4032 diabolo
411 3973 523 4026 confidit
548 3979 630 4029 etsie
653 3977 771 4042 interiit3
799 3977 849 4026 deo
873 3991 929 4028 nors
949 3977 1058 4029 contidit
1077 3987 1104 4031 et
1122 3977 1213 4046 lapsus
1233 3979 1293 4032 est?
1330 3979 1378 4030 llis

281 4051 365 4121 igitur
375 4045 475 4098 'verbis
494 4045 632 4102 haeretico
652 4048 700 4100 ille
722 4063 752 4100 os
776 4046 919 4099 obturavit.
962 4048 1008 4100 sed
1027 4063 1081 4101 non
1099 4050 1186 4102 solum
1205 4051 1266 4115 hic,
1286 4065 1380 4102 verum

282 4124 365 4173 etism
384 4119 469 4170 ceteri
485 4126 616 4194 qrrotquot
634 4121 666 4172 cd
686 4119 756 4172 huno
776 4120 844 4171 diem
866 4118 955 4170 eadem
975 4135 1043 4186 quae
1057 4121 1186 4175 haeretici
1203 4124 1249 4177 isti
1268 4119 1382 4186 iaciunt,

279 4205 372 4247 omnes
391 4190 576 4259 chrysostomi
603 4191 697 4248 iisdem
716 4195 797 4248 ermis
815 4198 1027 4260 prostcmurtur.
