3017 4759
269 281 347 363 toi
464 280 469 288 ’
573 292 799 359 ιιιοτνιτοιιι
837 288 1067 355 canconnn

266 457 397 540 βούλοιο
419 457 470 536 σύ,
493 451 719 537 σιωπήσομαι·
749 456 930 537 α’ποχρῆναι
948 477 1010 536 γαρ
1032 444 1120 533 οἶμαι
1145 456 1200 517 κατ’
1221 454 1280 539 τὴν
1303 458 1369 521 tots

267 562 483 635 στωπιομένων
505 553 700 636 συμβάλλειν
719 552 867 619 ἐντεῦθεν
893 552 1047 637 ποιότητα
1075 555 1298 638 λογικωτέραις
1318 558 1368 623 εἰ.

267 662 395 731 κασίαις
416 658 469 723 τίν
489 680 522 739 γε
543 654 673 721 συνετδν
692 655 861 739 αἰιροατήν,
883 655 913 719 εἰ
932 658 988 717 κατ’
1008 656 1247 738 φρικωδέστερα
1261 658 1368 740 πέφυ-

267 784 318 823 κεν
336 759 413 834 ι”σως
438 755 541 823 δπύσα
570 756 586 822 δ
609 754 789 830 Κάλλιστος
813 754 1077 839 Καντακουζηνύν
1110 758 1314 841 κατατρέχων
1335 761 1367 833 ές

267 859 300 924 τύ
324 858 407 925 πύου
431 858 632 942 τραχύτατον
654 855 855 941 ἐξηρτύξατο.
1375 864 1393 917 d

369 959 475 1026 Koio‘
504 963 564 1040 μὲν
596 961 826 1042 Ἀγαθύγχελος
856 961 986 1021 τοιαῦτα
1017 954 1115 1021 sinodo
1148 959 1204 1021 καί
1225 957 1367 1033 οἰκούσας

266 1059 324 1146 τὴν
342 1064 496 1127 εἰωθυῖαν
513 1062 758 1141 ἐπαλινδρόμει,
788 1058 891 1148 λύθρρι
922 1058 978 1123 καί
1005 1060 1077 1121 καθ’
1100 1056 1238 1141 ἡσυχίαν
1259 1057 1367 1123 οἴκαδε

269 1158 381 1227 α’πιούν.
425 1159 480 1224 καί
507 1156 523 1222 ύ
553 1159 674 1243 χειμών
709 1164 742 1225 ἐν
773 1158 895 1234 τούτοις
921 1152 1012 1222 ούπω
1042 1161 1102 1239 μὲν
1130 1163 1243 1232 τελέως
1277 1155 1367 1242 ἔληγε

269 1264 297 1325 δ’
320 1254 386 1326 σύν.

202 1368 257 1421 48
360 1357 457 1444 'Apu
487 1365 522 1439 δὲ
546 1367 602 1446 τῆς
630 1359 716 1445 οδρας
744 1364 957 1447 ε’φεστηκυιάς
987 1365 1019 1425 ἐν
1046 1353 1065 1449 ᾗ
1098 1364 1207 1442 ψυχαί
1236 1360 1368 1439 ζωτικαί
1378 1383 1412 1439 10

268 1462 348 1547 πρὸς
372 1465 546 1545 ἀναβίωσιν
562 1464 663 1547 udos<
679 1463 850 1544 ἀνίσχουσι
866 1465 930 1544 γῆς,
948 1459 1049 1545 χλόην
1062 1463 1267 1542 ἐνδεδυμένοι
1284 1486 1366 1525 παν-

266 1564 407 1647 τοδαπὴν
431 1569 483 1630 καί
498 1567 709 1640 παντοδαποῖς
723 1568 988 1649 περιρυθισμένρν
1002 1571 1065 1639 τοῖς
1087 1562 1247 1646 χρώμασι,
1265 1566 1366 1627 Ματ-

267 1673 350 1754 θαίιρ
376 1664 517 1750 διύδρμα
550 1672 749 1751 περιτίθησιν
787 1665 1049 1746 αύτοκρατορικόν
1081 1662 1096 1727 ὁ
1125 1662 1229 1747 πατὴρ
1260 1666 1294 1729 ἐν
1321 1666 1366 1751 τῷ

268 1768 459 1851 Βλαχερνιὸυ
479 1771 558 1854 θείρι
574 1772 707 1846 τεμένει,
723 1770 884 1830 Φιλοθέου
907 1766 963 1830 τοῦ
985 1763 1066 1844 μετὰ
1082 1763 1262 1831 Κύλλιοτον
1285 1788 1365 1829 νεω-

266 1866 317 1930 στί
338 1870 540 1951 πατριάρχου
561 1866 639 1932 κατὰ
661 1865 695 1931 τό
718 1866 819 1929 πύλαι
836 1865 1025 1950 κεκρατηκὸς
1045 1866 1117 1941 ἔθος
1139 1871 1178 1955 τῇ
1189 1868 1282 1955 χρείρι
1305 1888 1409 1941 saa-15

265 1967 555 2052 θυπουργύσαντος.
601 1966 717 2042 οιιοπός
745 1970 774 2030 δ’
806 1959 844 2050 ἧν
875 1969 918 2055 ug}
951 1971 1010 2055 νέιρ
1042 1970 1157 2055 τουτῳί
1186 1963 1362 2049 διαδήματι

265 2066 347 2137 ούστε
367 2069 418 2135 τὸν
437 2068 506 2135 υἱὸν
519 2068 691 2152 συνάρχειν
711 2072 770 2149 μὲν
790 2074 833 2158 τῷ
854 2067 951 2149 πατρί
975 2066 1027 2133 διὰ
1049 2070 1134 2149 βίου,
1155 2064 1365 2151 τελευτήσαν-

134 2170 318 2248 ¹·ll2t·coc
351 2170 482 2245 δ’ἴσως
509 2172 608 2237 odron}
640 2174 693 2235 διαὶ
724 2176 823 2255 γῆρας
855 2169 952 2251 μόνον
983 2173 1017 2234 ἐκ
1037 2171 1193 2251 διαδοχῆς
1213 2164 1268 2233 τδν
1291 2164 1363 2232 υἱὸν

265 2276 538 2357 αύιοκρατορικοίς
557 2272 594 2339 τοὶ
616 2278 671 2357 τῆς
690 2275 855 2355 βασιλείας
879 2274 998 2337 διέπειν
1025 2275 1176 2353 σκῆπτρα.
1221 2271 1277 2333 τοῦ
1298 2267 1358 2351 γὰρ

264 2378 410 2457 γαμβροῦ
432 2371 659 2455 Παλαιολύρου
687 2376 775 2437 παῖσα
798 2375 998 2436 παντάπασιν
1026 2369 1247 2453 κατεψρριίστο
1267 2363 1409 2451 ididam

264 2477 320 2537 καί
340 2473 428 2555 θύρα
448 2477 576 2559 φιλικῆς
598 2471 745 2552 ὁμονοίας
767 2474 880 2547 τελέως
901 2471 1085 2537 ε’κέιιλιιστο.

197 2572 254 2626 ⁴⁴
358 2574 497 2655 Ἡμέραι
509 2572 627 2653 μεταξύ
651 2572 878 2656 παρερρύησον
894 2575 933 2636 ου’
944 2576 1033 2654 μάλα
1044 2574 1171 2655 συχναί,
1194 2572 1250 2635 κατ’
1265 2572 1364 2635 Ματ-

263 2678 357 2751 θατος
391 2672 408 2741 ὅ
434 2677 504 2748 νέος
529 2673 640 2739 οὑτοσί
663 2674 818 2755 βασιλεύς
853 2675 899 2751 τίς
927 2671 985 2759 τήν
1012 2676 1215 2758 ἐγκλτίουσαν
1245 2667 1363 2755 ταύτην

266 2977 343 3031 ccbo'.
379 2992 440 3031 nam
458 2985 489 3031 nt
506 2978 748 3033 comissationibus
763 2978 894 3031 coniicias
914 2994 946 3033 ca
964 2992 1032 3049 qnae
1050 2976 1158 3031 silentio
1174 2977 1362 3047 praetermissa

266 3058 328 3102 sont
346 3050 436 3119 qualia
453 3052 507 3103 sint
525 3051 606 3103 iacilc
626 3060 653 3104 ts
671 3060 855 3106 assecuturum
874 3059 938 3118 puto
960 3052 983 3103 si
1010 3064 1078 3119 quac
1108 3050 1179 3102 dicta
1198 3058 1260 3103 sunt
1278 3049 1362 3118 probe

265 3122 391 3187 audiaris,
415 3124 464 3173 etsi
484 3124 629 3195 asperrima
645 3132 707 3175 sunt
724 3124 836 3176 forsitan
858 3139 929 3236 ρυιια
951 3122 1076 3177 Callistus
1102 3123 1129 3173 in
1148 3121 1362 3176 Gantacuacnum

265 3195 387 3246 invectus
407 3193 580 3245 acerbissime
600 3197 727 3247 evomuit.

362 3290 565 3360 Agathangcius
590 3290 658 3343 hacc
683 3308 762 3360 quom
788 3294 899 3347 dixisset
918 3292 1093 3361 audissetqus
1116 3291 1162 3344 via
1187 3306 1238 3360 qua
1258 3289 1363 3345 solebat

263 3361 539 3490 ρρρρρωρρπρῦρλλοοιίο
551 3362 655 3414 domum
672 3364 762 3417 rediit·
783 3364 867 3419 hiems
887 3373 974 3418 autom
993 3363 1034 3416 his
1047 3364 1126 3417 robus
1146 3364 1262 3417 nondum
1282 3362 1362 3433 pians

364 3524 418 3577 lam
434 3530 555 3590 tompore
580 3520 630 3573 illo
657 3538 710 3591 qno
740 3523 821 3576 vivae
847 3525 928 3576 totius
954 3532 1042 3577 terrac
1066 3525 1171 3577 animas
1199 3530 1372 3577 innascuntur·

261 3604 343 3665 atquc
360 3596 543 3658 revirescunt,
568 3592 685 3645 heobano
712 3594 819 3647 indutas
839 3597 939 3647 variam
958 3598 1092 3665 variisque
1112 3596 1260 3648 distinctam
1282 3594 1361 3647 coin.
1422 3599 1425 3603 '

262 3668 356 3731 ribos,
375 3666 507 3720 iiatthaso
528 3665 641 3717 liborum
660 3667 797 3732 imperinm
823 3666 896 3717 dedit
919 3675 994 3733 pater
1020 3671 1077 3721 eius
1104 3669 1132 3719 in
1149 3666 1361 3719 Blachernornm

263 3738 363 3805 templo
382 3753 398 3788 a
417 3737 560 3800 Phiiothco
588 3738 632 3805 qni
659 3744 720 3803 post
744 3736 882 3791 Callistum
907 3754 994 3805 παρετ
1021 3738 1171 3808 patriarcha
1197 3739 1282 3791 iactus
1304 3746 1362 3789 crat

261 3810 293 3861 ad
313 3810 450 3877 antiquum
470 3824 570 3862 morsm
591 3810 706 3860 adiutus.
743 3807 795 3860 hcc
815 3823 912 3861 novum
937 3825 1047 3878 regnum
1077 3827 1110 3863 co
1129 3812 1239 3863 nomino
1257 3810 1361 3861 consti.

261 3887 333 3933 totus
354 3887 395 3932 cst
414 3888 443 3931 ot
461 3878 532 3933 filins
550 3886 676 3949 regnaret
693 3895 819 3933 unacum
837 3887 974 3948 patrcpcr
993 3884 1051 3935 cius
1070 3884 1166 3945 vitam;
1185 3890 1289 3934 mortno
1308 3894 1360 3959 ορ.

261 3961 313 4003 tcm
333 3965 366 4002 co
387 3948 421 4000 ob
440 3959 606 4001 senectutem
626 3950 781 4003 hereditatis
807 3952 865 4003 iura
885 3950 1058 4022 libcrercgni
1078 3953 1261 4023 gubernacula
1279 3962 1359 4005 tenc.

260 4031 311 4075 rct.
348 4037 409 4075 nom
434 4020 615 4089 Palacoiogos
646 4036 729 4089 gener
754 4029 826 4076 totus
853 4024 880 4075 in
907 4023 1072 4079 oblivionem
1100 4024 1236 4095 relegatus
1255 4031 1313 4077 crat
1333 4032 1360 4075 et

262 4096 349 4148 aditos
367 4095 401 4147 ad
418 4093 562 4145 amicitiam
581 4099 609 4145 ct
627 4094 795 4145 concordiam
815 4093 895 4161 plana
913 4096 1079 4163 praeciosus.

359 4189 424 4247 Dies
443 4191 547 4245 interca
564 4190 742 4261 praeterlapsi
761 4199 836 4245 crant
853 4206 907 4249 non
925 4191 1004 4247 valdo
1022 4189 1097 4247 molti
1117 4206 1196 4264 qonm
1210 4190 1358 4248 Hatthaoos
