3017 4759
178 188 185 200 “
240 200 463 282 nusuonun
490 148 749 273 nmtuuruan
772 208 884 274 xxvi.
918 188 1104 275 at-ao.
1166 188 1240 275 '105

74 398 81 411 ·
140 373 213 451 ραῖς
235 368 299 432 scin
328 364 476 451 ύπηκύαν
498 368 707 450 κηδεμονικῶς
736 370 970 450 καμπτομένοις
999 370 1033 435 έν
1054 368 1241 439 ταπεινώσει

108 462 112 465 ’
139 472 259 553 γίνεται
278 472 411 551 καρδίας
432 467 554 542 τούτοις
569 470 790 533 ἐπικαλεῖσθαι
812 466 866 534 τάν
887 456 1006 551 κύριον,
1028 468 1161 546 τούτους
1184 473 1242 553 δη.

140 575 261 633 πουθεν
296 571 459 652 ον’κτείρων
479 572 636 633 ἐνταυθοῖ
653 568 731 635 κατά
754 568 790 633 τὸ
821 573 875 653 τῆς
898 571 1002 649 αἰτίοις
1025 574 1138 637 δίδωσι
1159 571 1243 637 πάσ-

138 693 209 751 χειν
232 662 403 754 άνάλοχοθ,
436 670 475 732 ἵν’
506 672 538 744 ές
561 669 597 733 τά
620 674 736 751 μέλλον
760 674 827 758 ,σχῇ
848 675 1048 757 κουφοτέραν
1069 676 1125 759 την
1146 672 1243 738 κόλα-

112 786 200 841 5σιν.
243 772 273 836 εἰ
300 774 329 834 δ’
351 768 453 845 αἴτιος
479 773 539 851 μὲν
560 772 616 854 τῆς
650 765 725 856 ὅλης
758 770 807 856 εἴη
829 777 940 849 κακιάς
961 772 1112 853 καθάπαξ
1134 772 1242 861 αύτάς,

140 873 182 936 δι’
204 868 242 955 ἢν
264 876 296 947 ές
320 870 449 955 φθοράν
478 870 635 956 ὁλοσχερῆ
669 872 704 935 sd
728 870 869 956 ύπηκοον
891 878 1127 958 καταφέρεται,
1149 872 1243 941 ἔπειτ’
1275 866 1279 873 ’

141 971 240 1048 αύτός
262 970 432 1056 α’νάλγητύς
449 997 482 1035 τε
502 976 607 1055 μένων
625 972 680 1038 καί
701 971 817 1058 ἥκιστα
838 985 907 1051 τοῖς
930 974 1093 1052 τοιαύταις
1114 999 1245 1063 συμφο-

141 1083 213 1158 ραῖς
235 1072 313 1156 μήτε
335 1070 572 1154 καμπτόμενος,
590 1074 672 1157 μήτε
693 1073 758 1157 μη“ν
781 1076 847 1137 οὐδ’
869 1068 947 1159 άχρι
966 1077 1024 1145 τού
1046 1081 1242 1161 φαινομένου

140 1171 344 1254 συμπάσχειν
370 1172 529 1253 ὁρώμενος
551 1170 730 1256 σχήματος,
759 1170 867 1240 ἔπειτα
886 1174 1012 1257 μακρὸν
1037 1176 1069 1254 έξ
1094 1177 1243 1254 α’πονοίας

94 1278 196 1344 10καί
218 1277 320 1359 τύφου
340 1275 374 1338 έν
395 1276 488 1360 ψυχῇ
511 1275 712 1356 περιθάλπει,
735 1277 895 1358 δικαίωμα
913 1277 973 1341 τού
993 1273 1038 1361 μη
1062 1278 1160 1361 δῆθεν
1183 1281 1244 1341 αύ-

138 1372 194 1440 τόν
215 1375 369 1456 άμαρτεῑν
382 1372 415 1437 τά
437 1368 639 1460 μη-πύσχειν
657 1372 811 1458 οἰόμενος,
834 1378 937 1465 τούτῳ
958 1374 1075 1452 πάντας
1089 1380 1157 1441 ἐκεῖ
1171 1378 1244 1455 τοὺς

97 1473 100 1480 ’
138 1481 195 1559 της
217 1478 303 1560 δίκης
324 1477 476 1559 λαμπροῖς
495 1473 642 1556 ταμιεύει
663 1481 857 1561 πρηστῆρας.
901 1478 983 1561 μηδὲ
1002 1472 1063 1559 γάρ
1085 1470 1165 1542 εἶναι
1188 1476 1309 1561 τήνω

139 1578 280 1665 ένταύθα
300 1571 431 1639 κόλασιν
446 1574 638 1658 ύποχραῖσαν
660 1571 745 1639 ούτω
765 1574 914 1658 μεγάλοις
934 1579 988 1641 καί
1009 1575 1243 1659 παρανομωτά-

139 1698 207 1751 τοις
230 1681 426 1754 πταίσμασιν
450 1678 616 1760 α’σεβειάς,
640 1668 678 1759 ἧς
700 1675 756 1751 τάς
781 1678 869 1752 δίκας
891 1677 986 1753 αύτύς
1008 1678 1040 1741 θ’
1062 1664 1150 1764 ύπέρ
1165 1670 1244 1742 ἑαυ-

94 1780 199 1841 toccu*
221 1776 427 1860 ὀφλισκάνει,
456 1776 511 1843 καί
531 1771 599 1858 άμα
632 1773 712 1858 ύτιέρ
744 1779 803 1841 τού
823 1780 884 1841 τάν
908 1770 1052 1861 ύπηκύων
1082 1780 1124 1841 δι’
1146 1776 1243 1843 αύτδν

141 1878 340 1953 άπολωλάτος
361 1879 523 1962 πλήθους·
567 1882 712 1959 ποιμένος
734 1877 794 1964 γάρ
817 1873 1043 1963 άνειλημμένος
1062 1875 1180 1963 ζτύπον,
1197 1881 1242 1961 μη

138 1976 237 2061 μόνον
262 1979 301 2041 ού
322 1983 489 2062 πεποιήται
517 1978 574 2063 τη“ν
603 1978 828 2063 άρμόττουσαν
852 1984 895 2067 τῷ
924 1984 1058 2074 ποιμνίῳ
1081 1980 1243 2067 πρόνοιαν,

140 2077 220 2145 άλλά
243 2082 296 2143 καέ
317 2082 444 2165 φθοράς
478 2080 566 2168 αύτῷ
588 2078 946 2162 προσεπεδαψιλεύσατο
969 2077 1130 2164 τρόπους,
1151 2078 1243 2154 λύκος

141 2183 214 2247 άντί
234 2177 413 2265 προστάτου
434 2184 489 2245 κοί
518 2185 663 2263 ποιμένος
685 2186 808 2267 φανείς.
862 2178 967 2246 ἔπειτα
990 2176 1058 2244 οὐδ’
1086 2176 1162 2263 ἡμῖν
1186 2180 1243 2243 άν-

92 2286 282 2366 2οθριύποις
304 2274 395 2347 ούσιν
420 2283 541 2346 α’νεῖται
564 2279 620 2365 την
643 2285 678 2351 ἐν
707 2277 943 2365 ύτσυδηποτούν
973 2277 1081 2366 ἑτέρον
1104 2304 1242 2365 κρυπτο-

138 2390 236 2468 μένην
258 2386 282 2422 ”
303 2386 419 2473 καρδίη
450 2368 605 2467 κακέανῆ
628 2376 746 2466 άρετὴν
777 2378 858 2467 πλην
882 2377 956 2449 δὀον
984 2386 1019 2449 έκ
1040 2386 1103 2449 τάν
1122 2380 1242 2463 ἔξωθεν
1253 2395 1272 2448 l.
1286 2395 1336 2452 120
1345 2394 1372 2450 b.

137 2484 314 2578 σχημάτων
336 2489 389 2551 καί
408 2482 590 2572 χρωμάτων
612 2488 670 2550 τού
689 2510 724 2551 τε
746 2479 847 2570 ἤθους
868 2488 924 2552 καί
947 2490 1010 2553 τάν
1031 2490 1133 2577 λόγων
1154 2486 1243 2551 εἶκα-

141 2764 310 2833 experientia
335 2771 472 2834 ntcuuque
498 2780 548 2817 nos
568 2767 689 2832 edocuit,
715 2767 836 2820 dominus
860 2766 894 2819 iis
920 2766 1099 2835 principibus,
1126 2766 1243 2835 quinon

142 2837 214 2889 omui
235 2844 363 2903 exparte
385 2844 589 2905 consumatque
614 2837 750 2890 licentiam
767 2837 944 2905 improbitatis
969 2839 1108 2901 dederuut,
1131 2836 1243 2889 calami.

139 2908 240 2961 tutibus
265 2916 353 2960 antem
377 2909 557 2960 subiectorum
582 2908 701 2962 sollicite
726 2909 789 2961 ilexi
809 2911 836 2961 in
865 2908 1050 2961 humiliatione
1075 2909 1242 2960 cordianum

140 2983 278 3043 invocant,
298 2995 347 3047 pro
367 2981 472 3032 ratione
497 2995 593 3032 causae
617 2982 801 3033 misericordia
827 2995 925 3031 eorum
945 2978 1080 3046 permotus
1110 2978 1243 3045 supplicia

140 3054 186 3105 bic
206 3051 329 3120 infligere
349 3051 472 3116 uidetur,
493 3067 545 3119 qno
566 3052 758 3119 expeditiorem
777 3053 804 3102 iu
825 3051 941 3103 luturum
966 3050 1062 3101 habeat
1080 3050 1242 3119 castigatio.

104 3165 110 3177 ,
139 3139 210 3176 nem.
248 3123 289 3173 sin
309 3130 397 3174 autem
416 3124 551 3190 princeps,
571 3137 727 3190 quamquam
747 3123 833 3174 omnis
851 3121 1038 3189 improbitatis,
1058 3136 1110 3189 qua
1129 3121 1161 3173 ad
1180 3118 1241 3187 pla.

139 3210 200 3247 nam
219 3194 366 3261 perniciem
385 3193 499 3245 subiecti
526 3195 710 3257 detruduntur,
739 3194 812 3247 solus
832 3202 924 3246 auctor
949 3201 999 3257 est,
1018 3206 1071 3244 nou
1090 3194 1169 3245 modo
1188 3192 1241 3243 mi.

140 3281 218 3318 serue
239 3272 266 3315 ct
285 3264 402 3316 afflictae
421 3280 512 3317 eorum
531 3266 653 3317 fortunae
672 3266 807 3317 duriorem
834 3280 864 3317 se
881 3264 993 3331 praebet
1016 3279 1104 3333 nequo
1122 3264 1260 3334 speeiem·

141 3337 247 3406 quidem
273 3351 319 3388 eos
344 3337 553 3388 commiserantis
576 3351 642 3403 prae
669 3352 699 3389 se
725 3337 787 3401 fert,
812 3352 904 3390 uerum
927 3337 1005 3388 etiam
1024 3336 1120 3387 fastum
1140 3350 1174 3387 ex
1191 3336 1242 3387 de.
1325 3384 1335 3390 ,
1366 3345 1370 3357 *

140 3409 241 3459 mentia
259 3407 310 3458 sibi
329 3407 409 3459 sumit
425 3407 575 3472 arbitratus,
592 3408 619 3459 id
628 3407 782 3460 testimonio
803 3422 872 3471 esse,
891 3423 922 3460 se
940 3421 994 3459 non
1011 3422 1149 3473 peccasse,
1170 3405 1241 3473 quod

141 3480 246 3547 ipsein
265 3479 391 3530 aduersus
410 3494 526 3531 resnou
545 3478 663 3543 incidat,
686 3478 748 3530 buic
768 3492 859 3531 omues
878 3478 936 3530 illic
955 3478 1074 3530 turbines
1093 3479 1187 3544 igneos
1208 3475 1242 3526 ad

139 3564 254 3617 poenam
271 3558 402 3602 reservat.
439 3564 494 3601 non
513 3552 582 3602 enim
601 3550 701 3601 sufficit
719 3549 896 3616 supplicium,
919 3549 989 3617 qnod
1006 3549 1051 3600 bic
1071 3548 1156 3615 indigi
1175 3559 1242 3613 pos-

140 3624 186 3685 sit,
207 3628 259 3671 tam
277 3623 380 3690 maguis
398 3629 478 3689 utque
495 3619 640 3675 audacibus
659 3621 817 3687 sceleribus,
837 3635 948 3690 quornm
968 3634 1067 3687 poenas
1087 3624 1196 3685 propter
1212 3630 1243 3667 se

138 3692 219 3745 debet
238 3700 264 3743 et
280 3700 391 3759 propter
408 3693 604 3745 multitudinem
627 3693 807 3745 subiectorum
827 3708 874 3744 sua
905 3691 984 3757 culpa
1002 3688 1240 3757 pessumdatornm.
1271 3703 1274 3707 ·

139 3764 257 3815 cilicium
277 3766 474 3830 euimpastoris
494 3766 603 3816 sortitus
617 3781 671 3817 non
691 3764 777 3817 solum
796 3779 850 3815 nou
865 3763 958 3813 babuit
972 3776 1059 3813 curam
1079 3760 1156 3833 gregi
1175 3773 1243 3811 oon-

139 3836 303 3898 venientem,
328 3851 421 3887 uerum
444 3837 522 3887 etiam
541 3837 687 3903 perniciem
714 3837 738 3886 ei
758 3836 868 3902 profuse
887 3832 994 3897 attulit,
1014 3840 1114 3884 utnon
1133 3829 1242 3899 praeie-

139 3913 197 3957 ctns
217 3906 274 3956 eins
293 3914 374 3974 utque
392 3915 499 3973 pastor,
521 3908 568 3958 sed
595 3905 674 3974 lupus
693 3908 838 3959 videretur.
882 3919 975 3957 uerum
994 3904 1073 3955 nobis
1092 3900 1243 3954 hominibus

137 3975 334 4044 improbitatem
356 3985 402 4028 aut
426 3979 550 4028 uirtutem
574 3978 602 4029 in
628 3978 739 4029 alterins
770 3979 952 4043 cuiuscunque
980 3976 1060 4028 corde
1080 3973 1244 4027 reconditam

139 4049 268 4099 duntaxat
287 4048 417 4100 hactenus
443 4061 610 4116 cognoscere
629 4048 709 4113 licet,
731 4055 760 4100 ut
780 4063 813 4099 ex
832 4056 942 4099 externo
965 4045 1057 4099 babitu
1076 4061 1107 4097 ao
1126 4039 1243 4095 moribus

139 4119 285 4188 verbisque
311 4120 425 4185 obscura
448 4119 575 4188 quaedam
605 4119 704 4172 iudicia
723 4118 971 4194 deprehendamus.
1014 4124 1129 4171 attamen
1147 4108 1192 4165 vol
1211 4124 1245 4163 ex
