3017 4759
95 377 100 383 ι
183 278 405 347 ΗΙΕἸὈΒΙΑΕ
427 279 686 350 ΒῩΖΑΝΉΝΑΕ
712 286 867 351 XXXVII.
887 270 1077 357 86-39.
1137 278 1211 356 549

112 445 202 521 λακις
225 444 281 509 και
303 442 354 509 ἀει
374 445 560 529 πλήττονται
574 470 627 511 και
623 446 735 511 λύκοι
752 446 856 534 μα’την
874 450 1040 569 κεχηνότες
1069 451 1212 518 δείκνυν

111 543 268 610 caesarei
287 546 343 630 τὴν
360 546 547 669 παροιμίαν.
591 544 690 624 ου’τως
713 548 879 614 ἀναίδειαν
898 554 1008 615 πᾶσαν
1027 551 1335 618 obitusobitus.

112 672 166 712 και
160 630 298 733 ἦθος
284 646 398 769 ιτυιμὸν
417 672 472 711 και
466 646 622 735 οὐδαμῇ
643 650 717 714 ποτὲ
729 646 981 735 ὖπισχνοίμενον
993 654 1051 738 τὴν
1068 654 1209 740 ὃιόρθω-
1222 666 1277 719 88

113 772 175 813 σιν.
218 747 289 816 δέον
310 747 372 876 γὰρ
396 746 507 824 αὖτοὺς
528 745 746 813 καταλύεσθαι
774 776 828 816 και
857 754 1024 838 ἐρυθριᾶν,
1048 754 1082 818 οἳ
1101 757 1136 820 δὲ
1156 757 1213 820 καὶ

24 844 27 852 ’
42 848 366 970 5ρίναισχυντοῦυί
381 873 433 934 γε,
466 847 507 915 sci
533 852 635 933 μείζω
656 874 690 915 τε
721 853 787 921 κατ’.
800 852 1012 983 χαλεπώτερα
1041 853 1121 920 κατὰ
1148 860 1213 922 τῶν

112 949 207 1069 ἐμῶν,
230 947 273 1025 ῶς
295 947 438 1035 εἴ,ρηται
460 974 515 1016 νυν
536 976 570 1016 τε
592 954 728 1077 δρῶντες
756 978 809 1018 και
805 954 958 1078 ἱἰλριῖν
938 956 989 1020 αει
1011 956 1213 1035 ἀπειλοῦντες

112 1047 167 1127 ἔτι,
188 1048 362 1135 μηδενός”
347 1074 437 1115 ενεκα
457 1054 582 1129 πάντως
606 1045 715 1137 ἑτέρου
736 1057 799 1119 τῶν
818 1054 944 1119 πάντων
969 1084 989 1141 η
1008 1082 1083 1133 τους
1106 1060 1211 1123 ἐντεῦ-

112 1153 170 1214 θεν
192 1150 343 1235 ἐλέγχους
376 1151 429 1217 αἐἰ
451 1154 599 1275 ιλερλιότες.
650 1151 694 1230 ῶς
724 1154 962 1240 ἀναγκάζεσθαι
984 1158 1066 1240 κάμὲ
1088 1184 1210 1279 παραρ-

111 1259 185 1331 νεῖν,
211 1244 259 1333 οις
277 1251 420 1336 μετιέναι
439 1252 555 1329 τούτοις
578 1252 680 1333 εἰτεισι
706 1250 869 1343 φιλοις’
831 1280 922 1321 ουσιν
942 1254 1033 1379 ημῶν
1051 1258 1135 1379 μετὰ
1154 1285 1211 1344 την

65 1366 102 1421 10
112 1377 190 1437 εμην
209 1355 364 1477 τελεητήν,
389 1356 492 1438 ζητεῖν
511 1354 567 1419 καί
589 1356 805 1481 παρατιθέναι
831 1358 888 1433 τὰς
918 1382 999 1432 τεως
1021 1358 1126 1433 αὐτοις
1150 1359 1210 1452 ἀντὶ

109 1460 226 1581 χεῖρας
249 1448 372 1538 ἑτέραις
395 1452 522 1537 ὁμοίαις
548 1480 601 1520 και
625 1454 744 1579 ὁμοίως
773 1454 830 1541 ὑφ’
850 1451 1015 1578 ημετέρων
1036 1481 1209 1543 μετεγγρα-

113 1554 244 1641 φείσοιις
266 1552 374 1639 ὀρθῶς
397 1558 570 1641 φοιτητῶν,
601 1555 657 1619 καί
683 1560 825 1643 συνορᾶν
850 1553 969 1621 οὖτωσι
987 1555 1133 1641 τάληθές.
1174 1582 1210 1623 το
1243 1606 1251 1617 .

110 1653 173 1741 γὰρ
194 1658 336 1721 τοιοῦτον
370 1656 468 1742 ἔγωγε
500 1658 570 1735 δέος
593 1656 812 1743 προκαθιστὰς
840 1654 896 1723 καί
914 1656 1086 1743 πόρρωθεν
1107 1682 1210 1742 προα-
1283 1674 1292 1685 ·

112 1760 279 1839 νασοβῶν,
301 1759 557 1835 πολλαπλασίαις
588 1757 668 1823 αὐτὰ
691 1760 860 1845 διαφόρων
880 1765 1119 1844 μετεγγροφαῖς
1140 1760 1209 1823 ἑδε-

64 1875 102 1927 15
114 1856 225 1921 δῶκειν
251 1860 372 1943 χειρῶν
402 1856 541 1945 γροίφειν
572 1857 681 1944 ὀρθῶς
712 1858 915 1943 ἠσκημένων,
949 1857 970 1923 ἃ
1000 1860 1060 1942 μὲν
1083 1861 1210 1938 οἰκείοις·

113 1956 381 2041 οἷναλῶμασιν,
367 1986 386 2023 ιι
381 1956 445 2024 δὲ
478 1961 583 2085 φίλορς
604 1960 828 2045 αιτησομένοις
861 1963 906 2036 εἰς
926 1960 1209 2047 πλοῦτον,.φα’ναι

111 2064 178 2123 κατ’
201 2060 324 2138 αυτους,
345 2058 431 2146 ἱερόν
450 2086 485 2127 τε
505 2061 561 2126 καί
583 2057 748 2126 ἄσυλον.

206 2158 293 2227 Αλλ’
330 2163 363 2226 έν
393 2163 547 2239 τοιούτοις
580 2162 807 2249 ἀσχολουμένου)
829 2187 864 2228 τε
893 2164 949 2229 και
968 2121 1145 2249 μοχθοῦντι
1164 2166 1277 2251 τῶεθ
1340 2189 1355 2240 ι

110 2264 260 2349 Παλαμη
282 2260 317 2328 τὸ
338 2264 394 2327 τοῦ
424 2264 498 2345 βίου
522 2264 622 2349 πέρας
641 2266 733 2351 ἐπηέι
746 2266 844 2347 ’μάλα
875 2266 989 2351 πικρόν
1008 2292 1038 2330 τι
1068 2292 1122 2331 και
1157 2264 1209 2330 αἴ-

59 2372 257 2443 2οσχιστσν·
280 2366 328 2451 τρῖ
350 2362 411 2449 γὰρ
433 2364 567 2452 συνήθει
595 2364 765 2451 περιπετὴς
782 2365 919 2492 γεγονώς
940 2369 1032 2454 ἰλεηῖ,
1053 2370 1109 2451 τῆς
1130 2368 1210 2431 α’να-

108 2485 229 2545 τροπης
250 2460 372 2548 δηλαδὴ
394 2467 457 2528 τῶν
479 2466 512 2529 ἐν
532 2490 569 2551 τη
594 2465 698 2555 κοιλίρι
722 2467 832 2531 σιτίων
852 2490 915 2531 ανω
936 2466 991 2531 διὰ
1010 2490 1066 2530 του
1087 2468 1208 2549 στόμα-

108 2584 169 2637 τος,
191 2562 247 2627 καί
268 2562 349 2647 πρός
368 2588 446 2689 γερ
447 2566 590 2630 ιανιῶδει
620 2567 787 2653 φρενίτιδι,
810 2570 926 2650 βιαίως
957 2566 1039 2633 ου’τω
1062 2592 1116 2631 και
1138 2568 1211 2632 λιαν

110 2662 232 2750 πικρῶς
255 2661 419 2751 απερρέγη
451 2668 508 2731 τοῦ
530 2668 595 2752 ζην.
653 2690 789 2735 καπειτυ
821 2665 850 2733 οἱ
871 2667 1072 2756 αἱρεσίῶται
1101 2691 1156 2733 και
1179 2666 1211 2732 οἱ

108 2966 263 3035 proverbio.
309 2968 349 3020 sic
367 2968 438 3019 omni
463 2968 626 3035 impudentia
651 2968 736 3020 induti
767 2975 828 3020 sunt
855 2975 881 3020 et
908 2968 1018 3036 ingenio
1044 2968 1112 3019 truci
1138 2971 1209 3035 quod

107 3051 241 3107 nunquam
262 3039 362 3107 corrigi
393 3054 473 3106 posse
491 3048 610 3107 apparet
653 3056 733 3108 quum
760 3041 829 3091 enim
854 3040 963 3105 proprie
988 3053 1034 3089 eos
1054 3039 1208 3091 summissos

109 3126 169 3163 esse
188 3117 216 3161 et
235 3109 395 3163 crubescere
423 3116 565 3177 oporteat,
595 3112 763 3179 impudentes
781 3118 843 3162 sunt
862 3118 889 3159 et
909 3111 1034 3177 graviora
1062 3111 1209 3177 peioraque

107 3183 245 3235 irenreut
275 3182 372 3233 dictum
392 3190 433 3233 est
449 3197 521 3233 nunc
549 3190 631 3251 agunt
658 3190 684 3234 ct
701 3195 808 3247 semper
834 3196 917 3250 agere
945 3182 1077 3232 minantur
1097 3189 1208 3263 propter

106 3252 208 3305 unllam
227 3254 334 3305 omnino
362 3252 441 3305 aliam
466 3266 570 3305 causam
601 3266 678 3323 quam
697 3252 768 3320 quod
797 3253 995 3303 criminationes
1022 3252 1083 3303 inde
1104 3253 1206 3305 timent.

107 3326 145 3376 ita
163 3332 192 3375 ut
210 3340 261 3393 ego
274 3340 381 3394 quoque
400 3332 508 3377 coactus
529 3327 588 3389 sim,
608 3325 700 3377 amicis
722 3338 831 3392 quorum
853 3325 904 3375 crit
923 3331 1104 3390 postmortem
1123 3340 1209 3376 meum

109 3411 140 3447 ea
159 3396 254 3461 adire,
285 3396 398 3449 suadere
421 3404 451 3448 ut
468 3397 602 3465 inquirant
628 3404 655 3447 et
686 3404 845 3461 componant
871 3395 1020 3462 scripturae
1045 3396 1209 3462 exemplaria

108 3482 176 3535 quac
196 3482 254 3517 curn
277 3468 374 3519 ceteris
393 3468 524 3521 similibus
543 3468 702 3533 transcripta
724 3466 778 3519 sint
806 3468 957 3535 etquidem
978 3476 1052 3518 recte
1071 3467 1137 3517 boec
1157 3469 1207 3518 ab.

107 3536 220 3591 asseclis
238 3540 347 3601 nostris,
367 3540 447 3591 etita
466 3547 496 3591 ut
511 3540 663 3592 discernant
681 3554 783 3591 verum.
806 3537 877 3589 hunc
897 3540 966 3591 enim
985 3540 1106 3590 timorem
1127 3552 1207 3620 quum

108 3624 159 3677 ego
180 3611 375 3676 protexuissem
405 3617 431 3661 et
448 3610 589 3680 longius
582 3628 609 3663 rn
627 3627 669 3663 rue
690 3610 968 3675 excitassem,tradrd1
988 3623 1106 3675 eaquae
1125 3608 1207 3660 variis

106 3680 354 3749 transcriptionibus
379 3681 544 3735 diversorum
569 3698 691 3734 manuum
722 3682 793 3734 bene
825 3682 1000 3733 exercitatum
1025 3678 1207 3730 scriberentur

108 3752 202 3819 partim
224 3768 293 3819 quac
317 3754 497 3805 domestico
490 3771 518 3806 ru
537 3771 586 3807 usu
604 3756 712 3818 essent,
729 3754 823 3822 partim
848 3766 917 3819 quae
936 3750 1029 3802 amicis
1051 3750 1207 3818 rogantibus

104 3822 245 3875 thesaurus
265 3831 295 3875 ut
313 3825 350 3876 ita
369 3824 459 3876 dicunt
478 3833 569 3879 essent
587 3840 663 3877 sacer
684 3833 711 3877 ot
729 3822 906 3878 inviolabilis.

204 3918 256 3970 Sed
269 3919 374 3971 interea
393 3934 476 3987 opere
498 3928 524 3972 et
545 3920 640 3972 labore
660 3928 791 3988 occupato
814 3918 936 3970 Paiamse
955 3918 1029 3970 vitae
1048 3919 1134 3972 exitus
1154 3920 1204 3971 ad-

92 3988 208 4075 ιιιιοιλυιιι
225 3989 337 4041 acerbus
357 3999 384 4043 et
401 3992 486 4058 turpis
506 3992 633 4057 advenit,
653 4008 731 4060 quum
751 3990 915 4043 incideret'
908 4005 935 4040 ιιι
955 4000 1110 4043 consuetum
1130 4004 1205 4041 mor.

103 4062 164 4113 burn
183 4062 378 4127 intestinorum,
398 4077 450 4131 quo
473 4063 526 4114 cibi
546 4078 579 4114 ex
598 4063 679 4115 ulveo
697 4078 769 4137 per
759 4078 790 4114 os
804 4060 1017 4125 retrudebantur,
1036 4064 1106 4112 etin
1126 4075 1203 4111 men.

104 4134 139 4184 tis
158 4131 297 4196 delirium,
321 4134 359 4184 ita
376 4141 406 4185 ut
434 4132 569 4187 violenter
589 4141 615 4185 et
633 4134 730 4186 acerbe
759 4151 775 4184 e
794 4134 849 4185 rita
881 4133 1005 4199 abreptus
1024 4134 1068 4184 sit.
1108 4131 1204 4183 deinde

105 4216 172 4256 vero
193 4202 323 4257 haeretici
347 4204 393 4258 vel
412 4207 525 4261 maxime
543 4206 650 4276 cognati
676 4214 702 4258 et
728 4204 847 4295 consocii
876 4205 952 4271 eius,
980 4206 1078 4274 quique
1103 4204 1205 4272 pariter
