3017 4759
208 229 431 343 aaronita
454 278 696 348 emturum
710 279 854 346 xxxin.
883 255 1071 353 ao-at.
1128 264 1203 381 437

107 439 179 524 poia
198 439 335 526 Μωυσῇ
357 443 497 528 φανῆναι
517 441 573 508 καί
597 443 740 520 Μανωέ,
769 443 825 507 κατ’
854 423 902 518 οἷς
920 435 1039 528 ἑτέροις
1059 441 1205 529 ὀφθῆναι

114 542 318 622 συμβολικῶς
338 565 372 606 τε
397 543 453 607 καί
472 544 614 664 τυπικαῖς
636 542 779 630 λέγεται,
817 541 853 608 oei
871 540 935 628 μὴν
955 542 1101 628 θεότητα.
1143 545 1201 663 ἀη-

104 639 301 766 μοραάτερον
331 640 393 727 γάρ
426 642 482 707 και
501 642 605 710 κοινὸν
637 643 671 709 τέ
696 647 753 710 τοῦ
782 641 901 709 θεοῦ
880 668 998 728 ονομα·
1049 643 1123 708 θεον
1141 640 1204 727 γὰρ

105 739 162 804 και
183 742 245 804 τῶν
268 739 499 864 ἀνθράπων
471 766 500 808 οι
522 743 638 809 δίκαιον
662 743 825 830 λέγονται,
847 745 1061 830 θεότητεςδ’
1049 738 1112 829 ηοά.
1153 765 1204 808 τε

77 841 239 941 ητήρηται
258 842 319 930 γὰρ
342 843 378 909 τά
399 851 549 911 πλεῖστον
568 847 667 912 εἰπεῖν
687 873 724 934 τη
712 848 825 913 ”tela
843 850 934 912 τοῦτο
952 849 1067 934 γραφῇ
1084 873 1130 930 μη
1151 842 1203 908 λέ

104 963 172 1024 γειν
193 947 412 1028 πληθυντικῶς
441 947 612 1033 θεότητος,
645 946 726 1013 ἀλλά
750 948 829 1032 μίαν
849 942 993 1012 ἀκτιστον
1011 946 1075 1014 καὶ
1091 969 1205 1031 τρισυ-

106 1042 271 1122 πόστατσν,
294 1046 441 1133 καθάπερ
464 1073 516 1114 και
512 1049 648 1136 φύσιν.
690 1050 747 1115 και
767 1046 849 1116 οὕτω
872 1050 962 1115 τουτὶ
980 1046 1154 1133 τετήρηταί
1168 1068 1204 1110 τε
1214 1067 1270 1120 ⁸8

106 1143 162 1208 καί
184 1143 235 1210 ἀεὶ
253 1151 320 1222 τοῖς
343 1146 489 1231 εὐσεβέσι
509 1157 669 1236 τηρεῖται,
703 1147 793 1215 ὥστε
813 1149 869 1216 καί
887 1147 964 1214 θεὸν
984 1149 1044 1232 μὲν
1063 1149 1099 1214 ἐκ
1117 1171 1202 1232 παρ-

41 1299 49 1314 ,
105 1241 202 1307 θένου
225 1244 306 1331 φησί
326 1250 535 1333 γεννηθῆναι,
566 1249 702 1334 θεότητα
732 1252 762 1314 δ’
785 1248 1062 1337 ἀπροσδιορίστως
1088 1245 1203 1332 ἥκιστα

56 1359 95 1414 10
104 1343 247 1409 πάντων·
299 1343 321 1432 ἦ
347 1348 407 1432 μέν
425 1348 486 1435 γάρ
517 1352 629 1438 θεότης
649 1353 682 1416 έν
703 1351 809 1437 τρισίν
835 1349 1030 1416 ἀποστάσεσι
1051 1346 1202 1432 λεγομένη

102 1453 230 1525 νοεῖται,
249 1446 270 1532 ἦ
296 1449 332 1514 δὲ
352 1449 513 1536 παρθένος
534 1453 612 1534 μίαν
636 1451 692 1536 την
719 1454 776 1516 τοῦ
797 1451 891 1537 λόγου
920 1449 1100 1537 γεγέννηκεν
1121 1443 1201 1512 ἀπέ-

103 1570 226 1611 στασιν.
270 1545 350 1614 ὥστε
370 1549 520 1615 σκεπτέον
544 1553 588 1627 εἷς
614 1551 715 1636 πόσην
739 1549 873 1615 ἀτοπίαν
893 1550 926 1627 ἐξ
953 1547 1099 1632 ἀμαθίας
1120 1545 1203 1631 oport

103 1648 159 1713 καί
192 1648 325 1734 οἰήσεως
350 1648 404 1714 τάν
435 1654 603 1735 Παλαμᾶν
634 1650 860 1716 έκκεκυλίσθαι
880 1646 1126 1731 συμπέπτωκεν,
1157 1644 1203 1724 οἷς

102 1754 232 1826 πολλοῖς
260 1749 319 1832 μὲν
347 1735 523 1834 λατρεύειν
540 1755 643 1828 θεοῖς,
677 1749 889 1832 αἰσχύνεσθαι
920 1750 949 1813 δ’
973 1742 1027 1812 οάν
1049 1751 1202 1827 έκλαλεῖν,

53 1850 256 1936 15θεάτητας
280 1853 309 1916 δ’
342 1849 508 1938 ἀπειράκις
533 1853 685 1939 ἀπείρους
715 1850 810 1918 αάτάν
831 1875 864 1917 τε
895 1849 1000 1934 σέβειν
1020 1850 1075 1914 καί
1095 1845 1204 1925 ἀλλοις

102 1957 290 2037 παραινεῖν,
312 1954 368 2017 καί
396 1949 483 2028 ὅσοις
506 1949 544 2018 ἀν
564 1957 673 2042 χρῷτο
699 1952 745 2040 μὴ
773 1951 991 2037 πειθομένοις,
1025 1948 1202 2035 ἀποκηρύτ-

100 2074 174 2131 τειν,
196 2051 362 2142 καίἵτοῦτο
385 2055 413 2118 δ’
445 2051 488 2130 ὥς
506 2057 594 2137 μάλα
625 2054 811 2142 ἀνέγκλητον
840 2056 874 2119 έν
905 2052 1080 2139 ὖπαίθροις
1102 2051 1201 2115 ἀναι-

104 2155 167 2229 ἀῶς
188 2155 332 2218 έκλαλεῖν
353 2155 408 2219 καί
429 2156 568 2244 δημοσίᾳ
587 2156 880 2243 παρρησιάζεσθαι.

203 2255 244 2320 Εἰ
274 2257 333 2338 μὲν
355 2249 410 2319 οάν
433 2255 513 2342 πρὸς
545 2255 670 2341 ἀπάσης
697 2259 826 2343 γραφῆς
854 2254 1058 2341 ἐλεγχόμενος
1087 2251 1330 2340 decorantia.

54 2373 93 2428 20
104 2355 246 2421 συνιέναι
270 2357 418 2435 δύναιτο,
455 2357 599 2443 οἰκτείρω
618 2359 674 2441 τῆς
697 2356 849 2434 ἀπονοιάς
868 2355 922 2422 τὸν
942 2353 1129 2444 ἀνθρωπον·
1173 2359 1267 2425 eiu

104 2456 139 2519 δὲ
160 2455 287 2540 συνιήσι
310 2457 377 2540 μέν,
397 2457 579 2535 κενοδοξίας
602 2459 631 2522 d'
655 2457 760 2521 εἵνεκα
779 2458 919 2539 ματαίας
940 2456 1199 2542 αὖτοχειροτάνη·

101 2552 155 2620 τὸν
175 2549 281 2643 {accpi
301 2556 357 2642 τὴν
388 2558 608 2641 κακοδαίμονα
638 2559 695 2623 τοῦ
716 2560 816 2622 κακοῦ
844 2555 1036 2645 προεδρείαν
1057 2557 1199 2641 κατετμή-

103 2680 216 2744 φιστοιι
227 2705 237 2735 ,
264 2656 367 2744 πάσης
397 2657 519 2740 ἔνοχον
540 2651 637 2736 αὖθις
658 2658 740 2745 ἀρᾶς
767 2655 907 2745 ἡγοῦμαι
927 2657 995 2744 ,τὴν
1014 2660 1200 2742 ἐμπληξίαν,

99 2958 149 3011 per
162 2940 314 3028 symbolum
339 2941 469 3009 quoddam
497 2948 524 2993 et
541 2942 683 3011 imaginem
705 2940 821 3006 dieitur,
848 2955 903 2994 non
923 2941 1029 3009 qnidam
1056 2940 1198 3006 deitatem

98 3015 184 3083 magia
204 3013 273 3064 euim
295 3011 408 3080 vulgare
428 3019 455 3063 et
473 3011 603 3080 populare
620 3027 717 3066 nomen
730 3014 790 3076 dei3
808 3013 851 3064 dei
871 3011 941 3063 enim
961 3011 1040 3064 etiam
1055 3011 1128 3064 inter
1145 3011 1211 3063 bo.

99 3086 184 3137 mirrea
203 3083 267 3135 inati
286 3090 425 3148 vocantur,
444 3097 499 3134 non
518 3099 585 3136 aero
604 3085 727 3137 deitatea.
750 3082 876 3136 unitatum
892 3083 962 3134 enlm
983 3081 1141 3151 plerumque
1158 3090 1200 3135 eat
1297 3104 1300 3109 ·

100 3158 127 3207 in
148 3169 224 3208 caera
242 3154 373 3222 acciptura
391 3169 444 3206 non
474 3155 565 3207 dicere
588 3155 687 3223 plurali
704 3169 816 3208 numero
834 3154 964 3219 deitatea,
988 3153 1037 3206 aed
1053 3169 1132 3207 onam
1153 3153 1199 3206 in.

100 3235 214 3281 creatam
236 3235 262 3278 ot
278 3242 314 3278 ex
330 3226 415 3279 tribuo
439 3227 562 3293 peraouia
588 3233 754 3279 constantem
772 3234 895 3295 tanquam
916 3234 1055 3290 naturam,
1075 3226 1146 3296 quod
1161 3227 1198 3278 ita

100 3299 221 3351 uaitatam
242 3305 269 3350 et
286 3297 337 3349 iuit
357 3305 383 3349 et
401 3312 506 3365 comper
521 3296 656 3348 ‘lidelibua
678 3305 728 3350 eat.
771 3299 809 3348 lta
831 3303 860 3349 ut
890 3297 969 3350 etiarn
989 3298 1067 3350 deum
1087 3311 1120 3349 ex
1139 3298 1199 3349 vir.

100 3370 163 3438 gina
181 3377 269 3421 uatum
291 3384 351 3420 eoae
370 3369 453 3433 dicat}
468 3369 593 3420 deitatem
612 3377 699 3420 autem
718 3369 827 3421 uuinirua
838 3368 986 3422 indefinita.
1023 3369 1109 3420 deitaa
1128 3370 1199 3421 enim

99 3443 126 3492 in
145 3440 229 3492 tribua
246 3441 367 3506 poraonia
386 3441 520 3492 nominata
540 3441 686 3508 cogitatur.
705 3441 784 3509 uirgo
810 3447 887 3492 uuam
907 3440 984 3492 vorbi
1009 3440 1115 3508 peperit
1132 3454 1198 3506 par.

100 3527 200 3564 aonam.
237 3511 307 3563 undo
337 3511 456 3580 intelligi
479 3511 577 3564 lieet
570 3526 597 3563 ιιι
623 3526 688 3580 quaa
714 3512 829 3579 ineptiae
851 3511 994 3564 inscientia
1013 3526 1061 3562 aua
1091 3518 1119 3562 et
1135 3511 1199 3578 opi.

99 3584 181 3634 uiona
199 3581 365 3634 aberraverit
383 3583 511 3635 Palamaa.
549 3584 641 3650 piures
658 3584 783 3635 venerari
802 3599 833 3634 ae
850 3584 916 3636 deoa
934 3581 1110 3634 erubescebat
1128 3597 1197 3633 coa.

100 3655 178 3716 litori,
200 3653 312 3705 deitates
342 3661 429 3705 autern
456 3655 549 3721 ipae
525 3649 713 3706 venerabatur
741 3662 768 3705 et
785 3654 854 3706 alioa
880 3651 1086 3716 adhortabatur,
1105 3660 1132 3703 et
1152 3654 1197 3720 qni

99 3739 151 3777 non
171 3723 350 3792 aequabantur
371 3724 538 3777 excludebat.
577 3734 604 3777 et
625 3724 676 3776 boe
695 3732 819 3793 tanquam
837 3740 892 3776 non
910 3723 1042 3774 netarium
1059 3723 1197 3790 propalam

99 3796 265 3867 impudenter
283 3794 421 3861 proleaaua
443 3805 483 3846 eat
508 3804 534 3847 et
561 3797 630 3863 apud
650 3796 778 3864 populum
796 3796 883 3848 libore
901 3795 1022 3862 protulit.

199 3891 227 3943 si
250 3891 403 3960 igiturtota
421 3891 600 3957 sculpturata
620 3901 775 3962 coargutum
800 3892 907 3944 minime
926 3889 1082 3961 intelligere
1097 3901 1197 3962 potent,
1259 3898 1266 3917 ⁸

99 3963 207 4014 minoret
233 3962 347 4013 moriri
368 3962 570 4028 imprudentiae.
617 3964 658 4014 ain
683 3979 750 4015 vero
771 3962 915 4031 intelligit,
934 3976 1028 4015 vanam
1053 3973 1141 4017 autem
1162 3965 1198 4023 ob

100 4033 211 4100 pluriam
236 4035 294 4098 ipae
326 4033 376 4083 albi
406 4031 550 4099 malignum
574 4033 747 4102 malignitatia
766 4035 941 4100 patrocinium
963 4037 1060 4099 aumit,
1079 4037 1106 4088 id
1125 4035 1197 4087 onrni

99 4106 205 4174 dignum
230 4103 432 4169 obsecratione,
459 4105 589 4156 insaniam
612 4103 700 4169 duco;
731 4106 802 4174 quod
832 4106 924 4157 morbo
948 4106 1066 4158 indictus
1088 4107 1196 4159 omnino

98 4175 214 4230 remedia
238 4189 292 4228 non
315 4175 463 4241 desiderat,
482 4175 529 4229 aed
547 4174 627 4244 plano
652 4177 776 4230 consulto
793 4177 950 4231 medicinam
974 4178 1065 4231 reiicit
1083 4186 1110 4231 ot
1126 4192 1196 4233 con.
