3017 4759
273 160 319 232 16
568 162 802 241 ‘NICEPHORI
839 158 1069 232 Guoooulu

198 346 201 351 ·
269 329 367 408 μένην
384 324 582 407 α’ποστύλων,
605 327 676 390 λιάν
699 328 843 407 α’σμέιως
868 320 1028 391 siderius
1049 334 1165 410 σημεῖα
1186 330 1303 409 ψυχῶν
1324 332 1371 403 εἰς

270 424 436 507 εύσέβειαν
457 430 671 510 θερμοτέρων.
715 424 815 515 ταύτῃ
829 450 877 491 τοι
902 427 958 491 κατ’
977 425 1147 508 ἐθαύμασα
1168 430 1288 508 μᾶλλον
1310 430 1370 492 αύ-

268 526 324 609 viv
349 529 390 591 δι’
414 526 494 591 αύτύ
519 551 553 609 γε
569 523 696 613 τουτίῆ
718 529 773 592 διὰ
795 522 914 609 τᾶλλα,
938 526 1038 593 ὁπόσα
1059 530 1099 615 τῇ
1121 526 1207 592 πόλει
1228 535 1370 612 περίεστι

244 624 306 692 χτέ
332 626 422 691 καλύ.
477 630 533 711 τῆς
559 628 625 711 ’γὰρ
661 625 845 715 ἀλλοφύλου
883 634 1054 712 θρησκείας
1092 634 1372 715 συμπεφυρμένως
1451 684 1463 700 .

268 727 520 811 ἐπιπολαζούσης
544 728 613 791 έκει·
629 725 832 811 πανταχόθεν
853 733 908 792 καί
930 731 1084 816 πανταχῇ,
1117 723 1172 792 ἅτε
1195 733 1249 812 τῆς
1269 727 1395 811 Ἀρά-5

268 831 333 907 βων
367 830 567 912 ἐπικρατείας
588 825 621 907 ἐξ
644 826 837 911 Αἰγύπτου,
869 833 991 911 μᾶλλον
1025 829 1055 892 δ’
1085 831 1119 893 ἐκ
1144 829 1297 913 Κυρήνης
1318 834 1372 893 καί
1457 900 1462 913 ⁸

269 924 504 1006 Πενταπύλεως
536 934 590 996 καί
616 933 678 997 τῶν
699 954 733 1013 γε
763 928 810 994 ἔτι
841 932 951 995 τούτου
979 932 1171 1013 προσωτέρω
1202 930 1371 1014 διηκούσης

270 1024 349 1113 ύχρι
369 1027 424 1094 καί
444 1025 477 1105 ές
506 1032 543 1094 τύ
568 1035 624 1117 τῆς
640 1026 842 1114 Ἀντιοχείας
867 1034 1032 1111 ἐπέκεινα,
1053 1032 1224 1111 συμβαίνει
1246 1032 1298 1093 καί
1318 1012 1379 1113 τῆς1

194 1112 199 1127 ¹
269 1131 438 1215 Ἀραβικῆς
463 1135 634 1215 θρησκείας
666 1132 821 1214 δείγματα
852 1131 999 1216 πανταχῇ
1039 1132 1095 1212 τῆς
1123 1130 1179 1212 γῆς
1211 1127 1371 1211 ύπύρχειν

147 1234 399 1316 λ.981ι.έκείνης.
442 1232 492 1295 διὸ
514 1235 569 1297 καί
589 1232 819 1315 ἀντεχομένους
838 1235 907 1297 έκεῖ
922 1233 1037 1319 κομιδῇ
1058 1234 1082 1270 ¹‘
1103 1232 1166 1294 τῶν
1185 1230 1372 1310 Ἀντιοχέων
1382 1242 1415 1297 10
1451 1287 1454 1292 .

270 1330 369 1409 αύτὸς
391 1331 475 1415 docio
496 1333 571 1409 τούς
591 1333 730 1414 εύσεβιός
751 1328 920 1414 ἑλομένους
944 1334 1001 1416 ζῆν
1024 1327 1104 1414 ύπέρ
1144 1332 1206 1395 τῶν
1229 1330 1371 1412 πατρίων

194 1480 200 1489 ,
268 1437 323 1516 τῆς
347 1430 513 1515 εύσεβείας
537 1434 700 1517 δογμάτων
724 1428 802 1517 ύχρι
830 1438 970 1497 θανάτου
1005 1435 1141 1515 δεῆσαν,
1169 1430 1222 1494 διύ
1244 1432 1371 1513 μακροῦ
1492 1427 1496 1438 “

269 1535 327 1598 τού
346 1529 512 1614 θαύματος
542 1532 716 1618 ἐποιούμην
744 1533 911 1618 τέωςέγού
943 1533 979 1599 τὸ
1005 1536 1131 1598 ἐκείνων
1150 1535 1293 1615 πρᾶγμα,
1318 1528 1372 1593 κατ’
1492 1451 1498 1612 1

271 1638 302 1709 ές
325 1632 381 1719 την
403 1630 502 1699 πύλαι
523 1638 648 1719 μνήμην
670 1630 785 1719 α’νῆγύν
807 1635 908 1710 εύθύς
929 1638 1049 1720 ἐκείνην
1068 1633 1121 1699 τὸν
1140 1636 1225 1698 νούν.
1494 1637 1499 1707 ᾖ

206 1750 263 1802 1⁰
371 1727 453 1799 Εἶεν.
497 1732 577 1799 α’λλσῖ
599 1734 680 1813 μετὰ
700 1734 809 1819 βραχύ
832 1737 978 1799 κσῖκεῐθεν
1004 1734 1130 1817 α’πύρας
1157 1730 1270 1819 α’πῄειν
1292 1715 1414 1811 ύχριίὸ
1495 1710 1500 1746 ¹

272 1836 326 1899 καί
346 1836 391 1909 εἰς
407 1832 529 1919 Ἰσσόν,
561 1831 639 1899 ἔνθα
658 1834 732 1910 τούς
754 1834 924 1909 Κιλικίους
951 1834 1097 1908 αύλιύνας
1119 1837 1182 1897 τιὸν
1205 1834 1371 1916 Ταυρικῶν
1495 1769 1501 1960 ι

270 1934 479 2020 παραψαύειν
508 1938 592 2019 σ’ριύν
620 1935 857 2019 exstincturus
886 1938 919 1999 έκ
946 1929 1074 2026 φύσεως
1096 1938 1295 2018 συνηνέχθη·
1340 1932 1372 2005 ές

272 2039 404 2101 τοσούτο
425 2034 486 2117 γαρ
517 2032 716 2121 βραχύτητος
752 2035 768 2098 ri
804 2033 922 2115 μεταξύ
952 2037 1154 2111 συστέλλεται
1175 2035 1282 2116 χούρσς
1308 2036 1377 2098 ἐκεῖ
1496 2007 1500 2050 ¹

271 2133 304 2201 ἔκ
323 2159 356 2202 τε
375 2134 531 2221 θαλάττης
555 2140 609 2202 καί
630 2135 713 2220 σ’ρῶν
734 2134 860 2217 ἐκείνων
886 2128 970 2213 ούστε
991 2137 1047 2199 κατ’
1065 2132 1163 2198 πύλαι
1184 2141 1249 2208 τοῖς
1271 2131 1372 2197 πύλαι

272 2226 576 2321 προσηγορεύθησαν
599 2240 733 2303 Ἰσσικαί
750 2261 782 2301 τε
814 2232 883 2320 ἅμα
912 2240 968 2301 κατ’
993 2238 1159 2321 Συριακαί.
1210 2238 1265 2299 καί
1285 2234 1416 2310 πόλιςγο

273 2340 305 2401 dl
316 2335 402 2404 ἔστιν
419 2337 618 2421 Ἀντιοχείας
634 2338 833 2424 ἀρχαιοτέρα
850 2342 1076 2424 παρακειμένη,
1089 2336 1145 2414 ξύν
1158 2360 1193 2421 γε
1209 2338 1373 2412 πλείσταις
1392 2335 1397 2347 ‘

272 2435 393 2521 ἑτέραις
421 2437 641 2525 Ἀλεξάνδρεια
680 2445 868 2525 καλουμένη.
924 2442 1044 2525 ταύτην
1077 2437 1138 2522 γύρ
1168 2437 1373 2519 Ἀλέξανδρος

273 2536 418 2624 ἀνήγειρε
439 2539 565 2624 πρώτην
600 2533 727 2624 ύγαλμα
758 2542 843 2625 νίκης
867 2541 1000 2624 εἰπεῖν,
1031 2534 1070 2625 ἣν
1092 2539 1212 2605 αύτύθι
1232 2542 1372 2622 Δαρεῖον

273 2832 358 2885 adbuc
377 2831 477 2884 indicia
498 2834 644 2886 animorum
663 2835 810 2887 fervidiore
828 2835 929 2903 pietate
950 2851 1123 2890 accensorum
1140 2835 1266 2904 cognovi.
1289 2846 1372 2902 quare

273 2905 307 2956 ob
326 2903 394 2955 hauc
412 2904 496 2971 ipsam
513 2921 568 2957 rem
588 2908 671 2975 magis
694 2906 786 2958 urbem
805 2908 947 2961 admiratus
973 2925 1030 2961 sum
1057 2925 1133 2978 quam
1158 2908 1192 2959 ob
1221 2906 1275 2959 alia
1294 2919 1371 2957 com.
1397 2952 1401 2959 .

271 2976 349 3027 moda
370 2981 397 3027 et
411 2985 589 3050 ornamenta,
609 2994 676 3046 quae
698 2979 725 3027 ei
743 2988 895 3045 suppetant.
940 2979 1013 3031 cultu
1033 2982 1102 3032 enim
1120 2979 1264 3049 peregrino
1284 2977 1371 3028 unde-

273 3062 380 3115 quaque
405 3050 556 3114 promiscue
580 3050 713 3117 gliscente
746 3051 920 3120 omnibusque
946 3052 1014 3103 locis
1039 3059 1161 3104 exstante
1187 3055 1282 3120 (quum
1301 3050 1371 3099 enim

271 3118 387 3194 Arabum
408 3120 548 3186 imperium
569 3120 630 3172 inde
649 3121 682 3173 ab
700 3121 825 3191 Aegypto
844 3132 889 3175 aut
914 3124 1003 3190 potius
1023 3124 1166 3189 a‘Cyrene
1186 3130 1212 3173 et
1229 3119 1370 3187 Pentapoli

272 3205 303 3241 ac
320 3190 476 3257 regionibus
496 3193 576 3242 etiam
596 3194 785 3245 remotioribus
805 3210 891 3263 usquc
904 3193 1073 3247 Antiochiam
1094 3202 1120 3246 et
1139 3193 1209 3245 ultro
1227 3194 1370 3260 pertineat,

271 3277 321 3312 usu
341 3262 416 3313 venit
434 3270 463 3314 ut
481 3263 613 3315 Arabicae
642 3264 784 3333 religionis
802 3267 919 3336 vestigia
937 3266 1035 3335 ubique
1058 3268 1087 3317 in
1114 3264 1163 3316 illa
1182 3273 1254 3317 terra
1273 3280 1371 3316 occur·
1390 3279 1397 3290 ’

272 3336 356 3402 rant),
375 3331 420 3384 ubi
442 3333 654 3400 Antiochenses,
678 3338 724 3404 qui
744 3338 849 3405 quidem
869 3340 913 3405 pie
935 3353 966 3388 ac
984 3344 1059 3389 recte
1080 3338 1113 3388 de
1131 3336 1265 3404 religione
1284 3336 1372 3387 senti.

254 3412 340 3468 ⁸rent,
360 3418 409 3471 pro
428 3406 521 3472 patriis
539 3409 647 3473 pietatis
667 3409 797 3477 dogmatis
818 3410 924 3462 fortiter
942 3411 1098 3461 resistentes
1117 3408 1254 3482 videbam,
1275 3409 1372 3461 etiam.
1449 3408 1451 3413 “

273 3475 296 3526 si
317 3480 428 3527 mortem
448 3480 601 3544 perpessuri
622 3488 721 3544 essent,
735 3482 763 3531 in
781 3497 880 3533 summa
899 3497 955 3533 eam
974 3496 1030 3531 rem
1049 3480 1222 3532 admiratione
1241 3478 1371 3530 habebam

273 3553 352 3614 atque
366 3547 399 3599 ad
414 3556 532 3601 veterem
543 3552 695 3603 memoriam
711 3551 791 3603 talem
811 3552 942 3604 sentiendi
960 3553 1091 3603 rationem
1105 3552 1192 3604 statim
1210 3550 1371 3601 relerebam.

373 3634 498 3690 Ceterum
526 3638 606 3706 paulo
634 3648 794 3713 postquam
818 3656 859 3691 me
879 3640 1010 3691 dedissem
1037 3641 1064 3691 in
1087 3641 1166 3703 viam,
1185 3654 1270 3708 usqne
1287 3639 1372 3690 issum

273 3705 410 3770 profectus
431 3724 504 3774 sum,
535 3710 579 3761 ubi
602 3711 743 3764 convalles¹
764 3710 877 3766 Ciliciae
901 3727 960 3762 curn
984 3712 1061 3763 'lauri
1087 3709 1260 3763 montibusa
1277 3719 1372 3763 nutura

274 3776 331 3827 lere
351 3779 409 3845 ipsu
439 3782 594 3833 coniunctas
620 3798 680 3835 esse
706 3782 815 3834 dixeris.
853 3789 905 3833 tam
930 3782 1014 3835 breve
1037 3784 1105 3833 enim
1125 3783 1239 3849 spatium
1259 3784 1373 3834 interest

273 3846 343 3898 inter
364 3865 436 3903 mare
459 3860 485 3903 et
503 3862 606 3905 montes
626 3852 699 3917 illos,
719 3861 748 3904 ut
768 3861 862 3919 portae
882 3868 898 3904 a
917 3853 1053 3906 veteribus
1076 3861 1102 3906 et
1119 3854 1220 3905 lssicae
1241 3853 1372 3919 etSyria-

273 3932 321 3969 cae
343 3924 604 3990 cognominarentur.
642 3923 705 3975 urbs
726 3924 763 3974 ibi
782 3924 832 3974 sita
854 3933 894 3976 est
913 3926 1047 3993 antiquior
1057 3925 1210 3990 Antiochia,
1230 3942 1288 3977 cum
1307 3923 1372 3990 plu-

272 3990 345 4044 rimis
364 3996 461 4046 cstcris
475 3994 637 4046 Alexandria
654 3992 798 4061 appellata.
837 3998 978 4047 cumcuim
996 3996 1149 4049 Alexander
1166 3998 1242 4066 quasi
1261 3998 1373 4064 primum

272 4068 411 4130 tropaeum
436 4066 568 4117 victorine
600 4066 747 4131 excitavit,
772 4068 913 4134 quamJibi
934 4068 967 4120 de
985 4068 1068 4121 Dario
1089 4070 1171 4122 Persa
1193 4070 1305 4135 primum
1324 4082 1371 4118 re-
