3017 4759
221 243 441 312 msuomsa
470 192 879 306 uuzssumsnxxuts.
902 217 1027 306 t-,-5.
1114 221 1188 301 tts

88 400 127 470 εἴ
143 430 194 482 τις
214 403 345 491 λαλήσει
365 403 445 491 πρός
467 403 560 491 φιλον
583 401 696 468 coccii?
739 400 795 467 καί
816 397 910 477 αότός
932 395 1108 484 δ’άντικρός
1130 421 1193 483 φη-
1306 465 1312 472 ,

89 531 148 571 σιν
173 505 190 571 ό
212 506 287 585 θεός
306 505 421 590 ζστόμα
443 503 524 572 κατά
545 505 646 589 στόμα
667 503 794 591 λὰλήσῳ
812 501 899 589 αὐτῷ
919 503 953 568 ἒν
968 498 1047 593 εἴβει
1066 502 1122 565 καί
1139 497 1193 563 οὖ-

92 609 138 672 όί
160 609 379 694 αἶνιγμάτων.”
888 653 891 666 -

197 709 292 795 Πρός
304 712 403 775 ταῦτα
418 707 617 796 όΓρηγρρᾶς
635 708 811 794 ἀπήντησεν
826 704 945 773 οότωσί
955 729 1033 780 ποις.
1055 706 1085 768 εί
1095 699 1193 786 imit·
1202 736 1228 789 4

61 825 163 879 5νειν
184 811 355 894 βούλοισθε
375 817 445 888 ταῖς
465 817 585 886 κοιναῖς
605 809 740 885 ἐκείναις
767 811 823 893 τῆς
851 810 907 873 τοῦ
927 809 1005 872 θεοί
1027 802 1195 889 ἐκκλησίας

92 913 244 991 ἐννοίαις,
270 911 313 989 οός
329 916 389 996 μιά
409 910 500 998 παρὰ
519 915 618 977 πᾶσιν
634 909 838 1006 ,ὁμολογεῖται
858 909 971 993 βεότης
990 903 1152 983 άκτιστος,
1175 902 1321 991 imm

95 1011 138 1096 δὴ
162 1015 217 1078 καί
238 1012 331 1080 οὐσία
354 1015 409 1080 καί
433 1013 528 1100 φόσις
547 1018 688 1077 καλεῖται
714 1014 770 1077 καί
796 1012 830 1078 ἓν
854 1015 924 1097 φοός
944 1010 1118 1096 ἀπρόσιτον
1140 1009 1196 1074 καί

98 1113 278 1196 άάιάβοχον
301 1115 474 1198 οἷειλαμπὲς
503 1113 559 1178 καί
583 1111 769 1201 τριλαμπός,
794 1109 845 1198 εἴη
873 1109 912 1177 όν
933 1111 989 1176 καί
1010 1108 1103 1196 λόγος
1121 1107 1197 1194 ἧμῖν
1231 1154 1234 1163 ,

93 1216 155 1282 καί
177 1216 327 1296 διάλεξις·
384 1219 418 1282 ἐν
447 1217 553 1282 ἐλπίσι
583 1215 645 1302 γάρ
675 1219 806 1280 κεῖσθαι
835 1215 986 1300 προϊοῦσι
1015 1210 1070 1297 τήν
1088 1233 1123 1275 τε
1140 1211 1196 1293 τῆς

41 1326 85 1391 '10
97 1317 254 1401 ἀληθείας
287 1315 413 1404 siccem
438 1317 493 1383 καί
516 1314 571 1401 τὴν
592 1319 648 1400 τῆς
677 1315 791 1391 κακίας
813 1313 996 1400 ἀναίρεσιν·
1041 1310 1145 1388 άλλως
1167 1314 1196 1379 δ’

96 1414 228 1501 ἄμεινον
259 1421 395 1508 σιωπᾷν.
451 1417 521 1484 ἐπεὶ
547 1417 654 1482 τοίνυν
680 1413 735 1500 τὴν
766 1412 869 1501 ἀρχὴν
899 1421 970 1490 ταῖς
1001 1420 1122 1489 κοιναῖς
1141 1415 1198 1498 τῆς

95 1518 269 1602 ἐκκλησίας
290 1519 425 1595 ἐννοίαις
447 1518 502 1583 καί
528 1520 591 1582 τῶν
626 1517 791 1601 δογμάτων
811 1512 1046 1599 οόμολυγήκατε,
1067 1511 1138 1578 βίον
1157 1513 1199 1578 τά

95 1613 239 1703 ἑπόμενα
262 1619 433 1700 δέχεσθαι·
477 1619 508 1682 εἶ
529 1621 559 1682 δ’
577 1610 642 1694 οόν,
664 1610 797 1692 ἑαυτοὺς
819 1614 875 1703 ἀφ’
897 1609 1004 1690 ἑστίας
1025 1611 1116 1701 αὐτοί
1138 1639 1197 1677 κα-

92 1718 240 1784 ταλόετε·
292 1720 348 1785 καί
378 1722 446 1796 πῶς
482 1715 586 1784 ἄλλων
614 1717 768 1803 λεγόντοιν
804 1715 968 1796 όνίξεσθες
997 1711 1095 1800 ἢέπί
1114 1715 1198 1782 τίσιν

46 1843 86 1896 15
96 1820 223 1886 ἐλπίσιν
257 1818 491 1906 ἀναμφιβόλως
525 1818 542 1885 ό
578 1817 887 1906 προσδιαλεγόμενος
915 1815 972 1882 τόν
1004 1819 1061 1883 τοῦ
1096 1815 1197 1902 λέγειν

95 1920 223 2005 μόχθον
243 1917 415 2004 όπομενεῖ,·
445 1921 516 1986 ἐπεὶ
535 1920 641 1986 τοίνυν
662 1922 750 1983 θεῖον
774 1917 809 1984 τό
840 1919 943 2005 δόγμα
960 1917 1016 1983 καί
1035 1916 1122 2002 κοινὴ
1141 1919 1196 2001 τῆς
1207 1952 1233 2006 3

97 2021 266 2106 ἐκκλησίας
285 2021 391 2086 ἔννοιά
419 2023 505 2105 ἔστιν
539 2021 581 2099 τός
603 2022 678 2088 θεόν
703 2021 808 2100 οὐδεὶς
840 2017 962 2109 ἑώρακε
982 2022 1107 2088 πώποτε
1124 2011 1195 2089 ὀὔτ’

96 2123 178 2187 ἰδεῖν
199 2121 334 2188 δόναταί
351 2147 398 2200 τις
422 2119 484 2188 οὔτ’
509 2123 648 2210 άγγίλων
668 2119 732 2188 οόί
757 2124 945 2211 άνθριόπων,
968 2125 1076 2208 εἰμὲν
1101 2122 1195 2188 caino-

99 2223 255 2310 φήσαιμεν
276 2225 311 2287 ἐκ
332 2227 390 2288 τοῦ
418 2223 529 2301 εόθὲσς
548 2225 735 2311 μαρτυριῶν
763 2227 941 2311 γραφικόν,
963 2222 1067 2290 οὐκέτι
1084 2223 1197 2308 χώραν

50 2343 89 2401 20
99 2323 185 2404 ἔχειν
204 2322 310 2409 χρεόν
343 2323 378 2390 τό
400 2324 697 2412 ἀμφισβητήσιμον·
750 2327 780 2388 εἰ
802 2322 904 2409 δὲμὴ
926 2326 1018 2390 τοῦθ’
1039 2324 1118 2409 ἡμῖν,
1136 2325 1195 2410 άρ-

99 2424 221 2501 τίωςέκ
241 2428 298 2490 τοῦ
318 2424 436 2516 ῥᾴστου
449 2427 649 2513 προσγίνοιτο
671 2423 725 2489 διά
747 2423 913 2512 τόγρῖφόν
925 2450 960 2492 τε
976 2425 1032 2492 καί
1053 2424 1195 2509 όμιχλιό-

103 2526 154 2601 ricc
184 2529 240 2608 τῆς
269 2529 419 2614 γραφῆς,
453 2525 721 2613 παραπετάσματι
753 2527 993 2612 καλυπτομένης
1025 2527 1124 2608 ἐνίοτε
1155 2527 1196 2612 τῇ
1285 2547 1287 2553 ’

101 2623 241 2717 άσαφείρι
276 2628 331 2691 διά
353 2651 387 2691 τε
409 2626 481 2705 τοὺς
514 2627 669 2713 βεβήλους
701 2627 783 2694 κατά
813 2628 931 2715 τρόπον
960 2617 1195 2716 οἰκονομίας,ᾗ

98 2928 196 2984 minum
214 2930 351 2982 sedentem
380 2931 408 2984 in
425 2931 523 2986 throno
554 2931 608 2985 nito
637 2939 664 2985 et
685 2932 776 2999 firmo,
806 2939 833 2984 at
851 2947 942 2986 rursus
960 2933 1061 2987 iissem
1080 2932 1196 3002 legimus

100 3015 226 3052 narrare:
256 2999 363 3054 locutus
390 3010 430 3054 est
453 3003 576 3058 domiuus
604 3019 662 3056 cum
682 3005 755 3058 blesa
780 3004 814 3059 de
843 3017 891 3055 ora
916 3003 949 3056 ad
967 3018 1014 3068 os,
1032 3005 1071 3056 itu
1090 3013 1121 3056 ut
1138 3022 1198 3060 cum

101 3071 195 3124 amico.
238 3079 274 3148 ct·
288 3073 346 3138 ipsa
367 3073 433 3126 deus
457 3075 537 3128 disits
563 3076 596 3128 dc
615 3091 661 3128 ora
686 3075 717 3126 ud
737 3090 768 3126 os
786 3075 882 3143 ioqunu
906 3091 966 3127 cum
988 3089 1021 3128 eo
1040 3075 1073 3128 ad
1089 3075 1198 3142 inciam,

102 3157 154 3195 nou
172 3157 220 3208 per
238 3145 397 3212 aenigmata.

199 3230 238 3284 An
258 3231 325 3284 baec
347 3233 479 3303 Gregorius
506 3236 542 3288 itu
570 3237 627 3290 iere
645 3236 799 3301 respondite
823 3236 846 3287 si
872 3236 1048 3305 acquiescere
1067 3234 1152 3289 vultis
1168 3236 1198 3288 iu

103 3303 282 3354 communibus
300 3304 356 3357 iilis
374 3307 480 3359 divinae
508 3307 642 3361 acclesiae
661 3308 812 3371 sententiis,
830 3322 906 3359 unam
933 3306 993 3360 ease
1011 3309 1111 3375 pariter
1128 3306 1198 3374 aputl

104 3387 193 3424 omnes
210 3373 334 3428 deitatem
354 3377 515 3442 increatam,
544 3395 612 3447 quae
643 3386 670 3430 et
687 3380 803 3430 essentia
828 3387 855 3430 et
879 3387 972 3432 natura
991 3378 1152 3447 appellatur,
1172 3386 1199 3431 ct

103 3457 177 3494 unum
197 3443 284 3496 lucem
302 3447 515 3501 inaccessibilem
535 3459 561 3503 et
579 3448 886 3516 incomprehensibilem,
911 3450 1152 3519 sampeuiucentem
1171 3457 1199 3502 et

105 3514 281 3581 trilucentem,
303 3519 354 3570 erit
370 3519 447 3572 vebia
467 3522 579 3574 ratioet
598 3521 773 3588 disceptatio,
793 3521 893 3590 quippe
913 3523 957 3590 qui
977 3523 1005 3573 in
1024 3537 1073 3589 spe
1090 3522 1198 3588 ponatis

107 3585 163 3637 iore
180 3594 209 3637 ut
228 3589 327 3640 veritas
364 3591 533 3658 inveniatur,
558 3593 713 3661 improbitas
731 3591 851 3644 tollatur.
894 3593 961 3644 alins
978 3592 1075 3644 meiius
1094 3599 1136 3643 eat
1155 3599 1198 3643 ta.

106 3671 174 3720 cere,
194 3673 272 3725 quum
291 3661 374 3728 igitur
392 3663 425 3713 ab
444 3665 522 3716 initio
548 3665 719 3733 conspirastis
739 3679 797 3715 cum
817 3662 999 3716 communibus
1017 3662 1153 3715 ecclesius
1171 3669 1200 3714 et

105 3728 251 3794 dogmatum
271 3734 421 3797 sententiis,
441 3736 519 3786 etiam
539 3736 729 3805 consequentia
750 3735 907 3802 accipienda
927 3741 997 3798 sunt,
1017 3748 1071 3801 quo
1092 3733 1198 3802 quidem

107 3800 173 3850 iacto
195 3799 391 3852 fundamentum
420 3814 536 3857 vestrum
557 3807 687 3860 sublatum
709 3815 758 3858 est.
799 3821 861 3857 num
882 3804 995 3856 aliorum
1014 3805 1132 3858 ustiones
1150 3822 1197 3858 ue..

107 3869 234 3936 cipistis‘i
268 3889 301 3924 aa
321 3881 411 3926 omtor
430 3884 502 3927 cesta
521 3879 630 3944 quadem
652 3893 700 3946 spe
719 3877 823 3929 dicendi
841 3875 960 3930 laborem
980 3875 1148 3928 sustinebit?
1174 3877 1198 3930 si

105 3943 182 4010 igitur
200 3942 319 3994 divinum
339 3945 434 4013 dogma
459 3955 487 3997 ct
506 3951 650 4001 communia
673 3947 808 4000 ecclesiae
827 3948 1033 4012 sententiani,
1065 3949 1198 4000 neminem
1311 3983 1319 3998 x

27 4009 32 4030 '
106 4027 214 4082 unquam
234 4015 335 4066 vidisse
354 4017 430 4067 deum
448 4033 499 4068 nec
518 4033 598 4084 posse
617 4021 710 4072 videro
732 4034 888 4086 quemquam
913 4027 957 4070 aut
973 4019 1130 4089 angelorum
1152 4025 1199 4070 aut

107 4084 245 4148 hominum,
268 4087 291 4138 ai
310 4087 415 4154 quidem
435 4095 528 4155 aperte
546 4088 632 4158 liquet
650 4106 683 4142 ex
701 4090 808 4156 scriptis
826 4090 1005 4155 testimoniis,
1023 4089 1197 4143 dubitationis

106 4155 175 4208 locus
194 4155 275 4210 debet
293 4157 384 4212 nulius
407 4159 528 4213 concedi.
574 4161 617 4214 siu
636 4176 703 4215 vero
728 4161 780 4214 hoc
805 4159 884 4216 nobis
905 4175 960 4215 uon
983 4162 1092 4216 omuino
1115 4159 1197 4215 iaeiie
