3017 4759
295 165 371 246 344
505 254 509 260 ,
613 176 836 248 nicaenoni
868 178 1102 246 enaoomn

293 335 405 425 ἥκιστα
420 345 591 407 πείθεσθαι
605 345 792 423 δυναμένων
808 342 851 418 ὥς
866 341 952 409 odron
967 340 1147 426 παχύπητος
1163 341 1304 426 ἔχουσαι
1321 350 1419 426 βλα-

256 481 261 496 1
294 442 433 529 σφημίαι
452 442 510 526 την
529 447 687 526 βασιλέως
709 444 852 507 διάνοιαν
873 443 1074 525 ἐλελήθεσαν.
1120 449 1174 508 καί
1196 449 1259 524 μὲν
1282 446 1325 529 δη
1351 453 1418 529 τῆς

292 540 447 629 τοσαύτης
468 544 599 618 ὐτοπίας
617 547 651 608 έν
673 545 753 629 α’κοῇ
768 548 922 633 γενομένῳ
943 549 988 633 τῷ
1008 549 1147 626 βασιλεῖ,
1159 551 1279 626 μᾶλλον
1293 552 1331 612 δὲ
1345 553 1413 632 τῆς

295 647 446 726 διαβολῆς
465 650 522 710 καί
539 650 753 731 συκοφαντίας
774 641 812 729 ἢν
831 643 910 709 κατα
942 649 996 729 τῆς
1015 649 1185 730 βασιλικῆς
1212 651 1411 714 διεσκέδασε

293 747 417 834 γναὶμης
438 745 606 830 δίναιδὴς
628 751 805 828 Παλαμιῖς,
827 749 881 812 καί
902 743 971 828 ἅμα
995 745 1434 830 ὅπόσα·καταψεύσασθαι5

293 852 424 932 καὶτῆς
445 848 592 930 εὐγενούς
623 847 790 931 γερουσίας
814 851 871 910 οὐκ
893 839 1053 930 ὤκνησεν,
1075 851 1114 911 οὐ
1133 852 1270 931 μετρίως
1294 851 1409 933 ἀχθε-

202 947 417 1034 auctivae
434 951 656 1028 συμπέπτωκε.
708 951 779 1013 δέον
807 948 868 1033 γὰρ
892 953 1059 1030 Παλαμᾶν
1089 951 1296 1032 εὐχαριστεῖν
1320 954 1408 1034 πρός

294 1076 330 1132 γε
351 1042 544 1125 τοῖςδλλσις
566 1048 621 1112 καὶ
642 1045 702 1130 πρδ
719 1073 755 1131 γε
778 1053 841 1112 τούν
861 1043 1030 1134 δ’λλωντῴ
1044 1053 1175 1130 βασιλεῖ
1191 1052 1246 1132 τῆς
1270 1076 1407 1132 μακρο-

294 1154 418 1228 θυμίας
444 1152 500 1212 καί
533 1148 731 1232 προμηθείας
762 1151 818 1213 τοῦ
849 1147 894 1233 μη
923 1149 1111 1232 έκκηρυκτον
1138 1155 1302 1233 γεγονέναι
1335 1154 1406 1216 τῶν

293 1252 425 1334 μακραῖν
448 1247 574 1314 ἐκείνων
592 1247 692 1324 εένεκα
719 1245 995 1333 βλασφημιῶν,δ
1026 1251 1061 1313 δὲ
1091 1248 1147 1315 καί
1178 1251 1220 1313 δι’
1250 1251 1446 1332 ὐποψίαςιο

294 1353 484 1436 ἐληλυθέναι
506 1354 650 1433 πέπραχε
671 1347 726 1416 τὸν
747 1353 915 1434 εὐεργέτην
946 1349 1085 1438 ὁποτέρῳ
1110 1353 1209 1432 δυοῖν,
1231 1345 1253 1434 η’
1277 1347 1331 1415 ὅτι
1352 1353 1403 1436 μη

217 1529 219 1533 Ι
294 1455 428 1536 συνῆκεν
449 1442 523 1514 οὐθ’
546 1449 562 1515 δ
582 1451 735 1532 βασιλεύς
760 1444 834 1514 οὐτε
857 1441 962 1517 ἄλλων
990 1451 1098 1527 οὐδεὶς
1116 1455 1178 1516 τῶν
1209 1454 1253 1540 τῷ
1276 1454 1403 1539 α’νσσίρι

294 1558 496 1642 λαληθέντων
517 1551 596 1620 κατέ
618 1558 672 1637 τῆς
693 1555 875 1636 εὐσεβείας,
907 1548 928 1638 ἢ
948 1557 1088 1619 συνιέντι
1119 1551 1409 1638 περιπεφρύνηταί

294 1682 328 1723 τε
350 1655 404 1721 νῑαί
426 1665 574 1738 παρεῖται
596 1655 637 1720 τοὶ
659 1661 819 1740 πλείστης,
839 1659 960 1737 μᾶλλον
992 1657 1022 1720 δ’
1042 1653 1168 1739 οἷπύσης
1192 1647 1266 1731 ἄξια
1291 1676 1404 1738 φρον-

292 1757 377 1834 τίδος
407 1756 462 1822 καί
492 1760 642 1847 σπουδῆς.
699 1757 749 1820 διδ
786 1756 823 1840 δη
847 1761 905 1822 καί
929 1755 966 1820 οὐ
985 1755 1081 1837 μόνον
1109 1759 1165 1820 τοῦ
1187 1755 1344 1829 ὐναιδούς
1365 1779 1403 1819 τε
1414 1777 1442 1830 15

159 1916 178 1926 ..
292 1856 348 1924 καί
370 1862 519 1941 α’γεννοῦς
541 1850 640 1941 ἤθους
651 1860 869 1941 κατεγνῶσθαι
891 1863 1000 1942 γέγονε
1012 1859 1196 1939 Παλαμᾶν,
1221 1855 1290 1920 ἀλλ’
1317 1847 1402 1940 ἦσαν

293 1958 326 2024 οἳ
347 1957 403 2023 καί
422 1961 627 2044 καταρᾶσθαι
649 1959 796 2042 έξὴγοντο
817 1959 860 2045 μη“
885 1963 921 2046 τῇ
944 1954 1012 2049 cipp
1035 1958 1133 2039 μόνον
1153 1955 1186 2021 έν
1215 1949 1236 2047 ᾖ
1259 1958 1401 2041 τετύχη-

292 2085 345 2127 κεν
366 2059 467 2125 αὐτὸν
487 2067 711 2148 γεγεννῆσθαι,
742 2060 824 2126 α’λλὰ
857 2061 913 2126 καί
932 2069 996 2134 τοῖς
1019 2057 1120 2126 αὐτὸν
1148 2060 1321 2143 γεννήσασι
1343 2060 1402 2124 καί
1494 2123 1495 2130 ,

195 2229 200 2235 ,
293 2165 521 2249 θρεψαμένας.
564 2165 599 2228 έκ
619 2164 681 2246 γὰρ
703 2159 811 2252 ῥίζης,
829 2162 873 2237 uic
895 2161 1013 2244 ἔοικεν,
1036 2161 1150 2245 έλεγον,
1169 2163 1225 2242 τῆς
1246 2156 1399 2248 πατρῴου
1494 2175 1495 2216 ὲ

295 2264 330 2330 τδ
355 2267 508 2329 τοσοῦτον
531 2266 621 2351 αὐτῷ
643 2267 698 2345 τῆς
723 2266 912 2345 δυσσεβείας
931 2265 1146 2346 έγκατέσκηψε
1168 2260 1310 2344 νόσημα,
1335 2278 1440 2334 acc-20

294 2362 398 2446 θδπερ
418 2389 464 2440 τις
487 2357 577 2447 ’ἄλλη
599 2363 687 2448 κηλές
715 2372 785 2439 ταῖς
813 2372 921 2448 γοναῖς
951 2368 1008 2428 καί
1031 2371 1167 2448 τροφαῖς
1197 2365 1399 2444 ἐγκεκαλυμ-

291 2467 390 2549 pope
430 2463 549 2551 οὐγὰρ
574 2457 614 2531 δν
636 2469 669 2542 ές
688 2464 790 2548 βάθος
812 2459 896 2531 οὕτω
917 2468 1022 2531 κακῶν
1038 2467 1183 2539 ἐνέπιπτε
1195 2461 1232 2527 τὸ
1253 2465 1397 2548 γέννημα

295 2742 420 2796 dentibus
437 2747 537 2806 antem,
556 2741 602 2810 qni
619 2741 725 2794 τελέοιτο
744 2748 772 2794 et
791 2742 890 2796 annaei
908 2743 998 2797 audita
1010 2742 1201 2807 examinarent,
1222 2740 1305 2794 nullia
1323 2741 1395 2794 diota

295 2813 403 2883 probari
422 2820 554 2882 poterant,
577 2828 636 2864 cnm
654 2814 763 2866 minime
782 2815 893 2866 credere
911 2821 1036 2881 parcent,
1059 2821 1119 2888 ‚tam
1138 2813 1248 2881 pinguia
1267 2813 1394 2866 convicia

295 2887 368 2956 regia
393 2891 506 2937 mentem
538 2885 648 2952 ingiccc.
700 2886 831 2952 quodcum
858 2886 976 2952 ineptiae
1009 2893 1099 2938 tantae
1127 2886 1186 2936 cive
1213 2885 1302 2952 potine
1327 2900 1394 2950 per.
1494 2937 1495 2950 η

296 2957 439 3010 versiones
458 2956 596 3025 iaicaeqne
616 2957 825 3019 criminationes,
845 2973 909 3024 quaa
933 2962 1026 3008 contra
1036 2957 1109 3024 regis
1120 2957 1279 3007 sententiam
1298 2955 1392 3007 δὶκολι.
1494 2955 1495 2964 ’

297 3029 374 3098 gavit
392 3027 511 3081 Palamar
530 3028 679 3094 impudens,
698 3029 758 3096 regi
779 3029 1039 3093 concatenatione,
1059 3026 1193 3094 simulque
1214 3042 1392 3095 quaecunque

296 3108 390 3152 eontra
408 3099 551 3150 concilium
575 3097 668 3150 nobile
692 3098 796 3167 fingere
814 3098 862 3150 ille
881 3113 935 3150 non
955 3100 1057 3152 venitus
1077 3106 1134 3162 eet,
1152 3098 1268 3164 accidit,
1288 3106 1391 3149 utnon

222 3229 230 3243 ι
295 3171 467 3222 mediocriter
490 3177 658 3238 maceretur.
701 3168 843 3236 oportebat
870 3171 939 3221 enirn
968 3169 1099 3220 Palamam
1124 3178 1232 3235 praeter
1258 3168 1327 3220 alios
1365 3176 1393 3220 et

296 3255 362 3308 prae
382 3237 444 3290 aliie
462 3242 522 3307 regi
539 3248 642 3308 gratum
663 3255 723 3292 eane
743 3249 854 3309 propter
873 3241 931 3292 eiua
953 3239 1121 3306 clementiam
1141 3248 1168 3290 et
1185 3241 1391 3308 providentiam,

296 3325 349 3378 qna
368 3308 463 3360 facturn
485 3317 535 3374 est,
554 3318 655 3362 utnon
673 3311 751 3363 fieret
771 3311 846 3363 exsul
866 3318 975 3380 propter
994 3326 1088 3379 magna
1107 3311 1155 3362 illa
1174 3312 1313 3362 convicia:
1342 3309 1391 3362 ille

106 3424 108 3429 .
201 3436 205 3440 ,
295 3388 383 3433 antem
404 3380 501 3444 effecit,
523 3389 552 3432 nt
570 3396 619 3432 rex
639 3396 703 3450 erga
723 3397 782 3433 enm
802 3383 939 3435 beneficus
964 3383 1043 3434 etiam
1062 3384 1089 3432 in
1109 3384 1290 3448 suspicionem
1308 3381 1391 3432 cade.

295 3459 338 3506 ret
354 3450 566 3503 alteriacutrine:
585 3461 632 3503 ant
650 3454 721 3520 qnod
738 3469 828 3522 neque
849 3470 898 3506 rex
914 3470 1003 3522 neque
1022 3453 1134 3505 aliorum
1153 3457 1301 3522 qnisquam,
1322 3467 1392 3520 quae

294 3523 365 3576 dicta
390 3530 481 3574 essent
507 3522 540 3575 ab
565 3524 647 3590 impio
674 3532 766 3576 contra
790 3527 926 3592 pietatem,
945 3524 1135 3588 intellexisset,
1155 3533 1201 3577 aot
1219 3525 1289 3591 quod
1306 3523 1392 3575 intel.

295 3595 393 3664 ligenti
423 3602 555 3646 contemta
578 3603 609 3646 et
625 3594 750 3663 neglecta
771 3605 860 3649 essent
878 3612 918 3661 ea,
937 3611 1005 3664 qnae
1023 3596 1137 3662 plurima
1149 3596 1208 3648 sive
1220 3597 1307 3664 potius
1320 3597 1390 3646 omni
1494 3607 1495 3612 ¹

295 3681 360 3718 curn
378 3666 521 3734 studioque
540 3673 630 3720 essent
647 3666 742 3735 digna:
763 3675 873 3735 propter
891 3669 960 3736 qnod
981 3669 1058 3721 ctiam
1069 3681 1123 3718 non
1140 3668 1217 3731 modo
1237 3667 1344 3729 accidit,
1362 3673 1391 3717 nt

287 3736 414 3789 -Palamac
432 3745 542 3804 propter
570 3738 735 3805 impudentes
755 3747 783 3790 et
801 3753 899 3805 pravos
919 3754 1007 3792 morea
1028 3740 1204 3804 damnaretur,
1224 3738 1271 3790 ced
1292 3745 1389 3798 essent,

205 3825 208 3832 ·
295 3807 341 3876 qni
360 3807 554 3860 adducerentur
577 3817 678 3861 utnon
699 3809 785 3861 colum
805 3812 911 3875 horam,
940 3827 992 3880 qna
1015 3811 1129 3861 maxime
1149 3817 1221 3862 esset
1238 3817 1325 3872 natue,
1344 3808 1390 3860 ced

295 3877 374 3930 etiam
393 3891 459 3940 eoa,
488 3881 532 3945 qni
561 3895 620 3930 enm
649 3881 819 3947 peperissent
847 3889 873 3932 ct
898 3882 1107 3945 enutrivicaent‚
1135 3882 1339 3933 detestarentur.
1349 3894 1389 3934 „e

295 3947 386 4002 ndtco
410 3948 479 3998 enim
497 3952 652 4002 necessario
671 3960 782 4017 paterna
802 3951 935 4004 dicebant
950 3955 977 4005 in
997 3968 1056 4004 enm
1074 3952 1320 4003 incidicsanntum
1339 3951 1389 4001 im-

295 4018 562 4087 pietatiapnorbnme
587 4028 617 4072 nt
642 4021 748 4073 macula
771 4020 824 4072 alia
847 4024 917 4075 natio
946 4032 973 4076 et
1001 4025 1118 4076 educatio
1143 4022 1276 4074 involuta:
1303 4036 1389 4090 neque

280 4089 371 4152 -anim,
386 4089 413 4140 in
438 4089 645 4158 profunditatem
665 4093 796 4145 maiorum
816 4099 906 4146 natum
925 4103 1064 4163 tantopere
1090 4094 1221 4146 incideret
1247 4091 1389 4162 n'eqne'ita
