<?xml version="1.0" encoding="UTF-8"?>
<!DOCTYPE html PUBLIC "-//W3C//DTD XHTML 1.0 Transitional//EN"
    "http://www.w3.org/TR/xhtml1/DTD/xhtml1-transitional.dtd">
<html xmlns="http://www.w3.org/1999/xhtml" xml:lang="en" lang="en">
 <head>
  <title>
</title>
<meta http-equiv="Content-Type" content="text/html;charset=utf-8" />
  <meta name='ocr-system' content='tesseract 3.04.00' />
  <meta name='ocr-capabilities' content='ocr_page ocr_carea ocr_par ocr_line ocrx_word'/>
</head>
<body>
  <div class='ocr_page' id='page_1' title='image "./corpusscriptoru13theogoog/corpusscriptoru13theogoog_0172.png"; bbox 0 0 3017 4759; ppageno 0'>
   <div class='ocr_carea' id='block_1_1' title="bbox 278 218 1068 305">
    <p class='ocr_par' dir='ltr' id='par_1_1' title="bbox 278 218 1068 305">
     <span class='ocr_line' id='line_1_1' title="bbox 278 218 1068 305; baseline -0.024 0"><span class='ocrx_word' id='word_1_1' title='bbox 278 232 352 305; x_wconf 77' lang='lat'><strong>160</strong></span> <span class='ocrx_word' id='word_1_2' title='bbox 575 228 804 301; x_wconf 70' lang='lat' dir='ltr'><strong>ntfflflonl</strong></span> <span class='ocrx_word' id='word_1_3' title='bbox 836 218 1068 291; x_wconf 67' lang='lat' dir='ltr'><strong>animm</strong></span> 
     </span>
    </p>
   </div>
   <div class='ocr_carea' id='block_1_2' title="bbox 142 375 1436 2705">
    <p class='ocr_par' dir='ltr' id='par_1_2' title="bbox 142 375 1436 2705">
     <span class='ocr_line' id='line_1_2' title="bbox 142 375 1381 483; baseline -0.029 -13"><span class='ocrx_word' id='word_1_4' title='bbox 142 398 317 465; x_wconf 58' lang='grc' dir='ltr'><strong><em>Μῧῆοδ</em></strong></span> <span class='ocrx_word' id='word_1_5' title='bbox 334 401 551 483; x_wconf 77' lang='grc' dir='ltr'><strong><em>προσιεμένων</em></strong></span> <span class='ocrx_word' id='word_1_6' title='bbox 569 398 683 475; x_wconf 73' lang='lat' dir='ltr'><strong>ariensi,</strong></span> <span class='ocrx_word' id='word_1_7' title='bbox 704 390 827 475; x_wconf 78' lang='grc' dir='ltr'><strong><em>προβὰς</em></strong></span> <span class='ocrx_word' id='word_1_8' title='bbox 844 393 869 430; x_wconf 83' lang='lat'><strong>¹¹</strong></span> <span class='ocrx_word' id='word_1_9' title='bbox 890 390 1011 452; x_wconf 79' lang='grc' dir='ltr'><strong><em>ἐκεῖθεν</em></strong></span> <span class='ocrx_word' id='word_1_10' title='bbox 1030 375 1221 464; x_wconf 71' lang='grc' dir='ltr'><strong><em>τυραννικὴν</em></strong></span> <span class='ocrx_word' id='word_1_11' title='bbox 1241 380 1381 438; x_wconf 78' lang='grc' dir='ltr'><strong><em>ποιεῖται</em></strong></span> 
     </span>
     <span class='ocr_line' id='line_1_3' title="bbox 274 470 1429 585; baseline -0.027 -18"><span class='ocrx_word' id='word_1_12' title='bbox 274 501 333 585; x_wconf 73' lang='grc' dir='ltr'><strong><em>τήν</em></strong></span> <span class='ocrx_word' id='word_1_13' title='bbox 353 491 721 582; x_wconf 71' lang='grc' dir='ltr'><strong><em>α’νανῦρεοσινέαυτοῦ·</em></strong></span> <span class='ocrx_word' id='word_1_14' title='bbox 775 485 898 555; x_wconf 71' lang='grc' dir='ltr'><strong><em>κᾶπειτ’</em></strong></span> <span class='ocrx_word' id='word_1_15' title='bbox 922 483 1186 567; x_wconf 58' lang='lat' dir='ltr'><strong>&amp;acrentinam</strong></span> <span class='ocrx_word' id='word_1_16' title='bbox 1206 477 1262 543; x_wconf 74' lang='grc' dir='ltr'><strong><em>κατ’</em></strong></span> <span class='ocrx_word' id='word_1_17' title='bbox 1281 470 1382 549; x_wconf 69' lang='grc' dir='ltr'><strong><em>οὕτως</em></strong></span> <span class='ocrx_word' id='word_1_18' title='bbox 1424 520 1429 530; x_wconf 87' lang='grc'>.</span> 
     </span>
     <span class='ocr_line' id='line_1_4' title="bbox 276 580 1383 681; baseline -0.03 -11"><span class='ocrx_word' id='word_1_19' title='bbox 276 604 330 669; x_wconf 82' lang='grc' dir='ltr'><strong><em>τδν</em></strong></span> <span class='ocrx_word' id='word_1_20' title='bbox 349 604 472 681; x_wconf 71' lang='grc' dir='ltr'><strong><em>Ἰξίονος</em></strong></span> <span class='ocrx_word' id='word_1_21' title='bbox 501 593 620 663; x_wconf 72' lang='grc' dir='ltr'><strong><em>ἄτοπον</em></strong></span> <span class='ocrx_word' id='word_1_22' title='bbox 649 594 756 679; x_wconf 80' lang='grc' dir='ltr'><strong><em>ἔρωτα</em></strong></span> <span class='ocrx_word' id='word_1_23' title='bbox 780 595 906 675; x_wconf 79' lang='grc' dir='ltr'><strong><em>βλέπων</em></strong></span> <span class='ocrx_word' id='word_1_24' title='bbox 935 586 1090 671; x_wconf 70' lang='grc' dir='ltr'><strong><em>(ἅπαντες</em></strong></span> <span class='ocrx_word' id='word_1_25' title='bbox 1115 580 1177 666; x_wconf 70' lang='grc' dir='ltr'><strong>γὰρ</strong></span> <span class='ocrx_word' id='word_1_26' title='bbox 1205 581 1383 665; x_wconf 72' lang='grc' dir='ltr'><strong><em>ἀφίσταντο</em></strong></span> 
     </span>
     <span class='ocr_line' id='line_1_5' title="bbox 274 679 1383 788; baseline -0.027 -18"><span class='ocrx_word' id='word_1_27' title='bbox 274 708 332 788; x_wconf 77' lang='grc' dir='ltr'><strong>τῆς</strong></span> <span class='ocrx_word' id='word_1_28' title='bbox 353 704 454 767; x_wconf 73' lang='grc' dir='ltr'><strong><em>αρ’τοῠ</em></strong></span> <span class='ocrx_word' id='word_1_29' title='bbox 473 703 675 783; x_wconf 69' lang='grc' dir='ltr'><strong>τυραννίδος)</strong></span> <span class='ocrx_word' id='word_1_30' title='bbox 697 701 921 781; x_wconf 72' lang='grc' dir='ltr'><strong>προσεκαλεῖτο</strong></span> <span class='ocrx_word' id='word_1_31' title='bbox 948 690 1061 755; x_wconf 77' lang='grc' dir='ltr'><strong><em>λοιπόν</em></strong></span> <span class='ocrx_word' id='word_1_32' title='bbox 1083 687 1125 747; x_wconf 77' lang='grc' dir='ltr'><strong><em>ου’</em></strong></span> <span class='ocrx_word' id='word_1_33' title='bbox 1144 682 1198 747; x_wconf 80' lang='grc' dir='ltr'><strong><em>τὸν</em></strong></span> <span class='ocrx_word' id='word_1_34' title='bbox 1215 686 1273 765; x_wconf 74' lang='grc' dir='ltr'><strong>τῆς</strong></span> <span class='ocrx_word' id='word_1_35' title='bbox 1294 679 1383 761; x_wconf 74' lang='grc' dir='ltr'><strong><em>δίκης</em></strong></span> 
     </span>
     <span class='ocr_line' id='line_1_6' title="bbox 275 780 1412 888; baseline -0.024 -19"><span class='ocrx_word' id='word_1_36' title='bbox 275 805 455 888; x_wconf 70' lang='grc' dir='ltr'><strong><em>προστάτην</em></strong></span> <span class='ocrx_word' id='word_1_37' title='bbox 475 800 564 881; x_wconf 78' lang='grc' dir='ltr'><strong><em>θεόν,</em></strong></span> <span class='ocrx_word' id='word_1_38' title='bbox 585 797 667 863; x_wconf 75' lang='lat' dir='ltr'><strong>dud</strong></span> <span class='ocrx_word' id='word_1_39' title='bbox 688 797 741 863; x_wconf 82' lang='grc' dir='ltr'><strong><em>τὸν</em></strong></span> <span class='ocrx_word' id='word_1_40' title='bbox 762 802 817 879; x_wconf 75' lang='grc' dir='ltr'><strong>τῆς</strong></span> <span class='ocrx_word' id='word_1_41' title='bbox 838 795 951 859; x_wconf 88' lang='grc' dir='ltr'><strong><em>α’δίκου</em></strong></span> <span class='ocrx_word' id='word_1_42' title='bbox 972 796 1089 873; x_wconf 78' lang='grc' dir='ltr'><strong><em>μανίας</em></strong></span> <span class='ocrx_word' id='word_1_43' title='bbox 1109 783 1276 869; x_wconf 72' lang='grc' dir='ltr'><strong><em>βόρβορον</em></strong></span> <span class='ocrx_word' id='word_1_44' title='bbox 1296 780 1412 859; x_wconf 67' lang='lat' dir='ltr'><strong>calu-5</strong></span> 
     </span>
     <span class='ocr_line' id='line_1_7' title="bbox 274 882 1385 990; baseline -0.024 -21"><span class='ocrx_word' id='word_1_45' title='bbox 274 927 403 990; x_wconf 83' lang='grc' dir='ltr'><strong><em>μαχον,</em></strong></span> <span class='ocrx_word' id='word_1_46' title='bbox 429 901 489 977; x_wconf 77' lang='grc' dir='ltr'><strong>τδς</strong></span> <span class='ocrx_word' id='word_1_47' title='bbox 516 899 674 982; x_wconf 71' lang='grc' dir='ltr'><strong><em>ε’κδὴμους</em></strong></span> <span class='ocrx_word' id='word_1_48' title='bbox 703 897 825 971; x_wconf 74' lang='grc' dir='ltr'><strong><em>ἐκείνας</em></strong></span> <span class='ocrx_word' id='word_1_49' title='bbox 848 898 1058 979; x_wconf 75' lang='grc' dir='ltr'><strong><em>ιῖγωνιεῖοθιιι</em></strong></span> <span class='ocrx_word' id='word_1_50' title='bbox 1086 892 1212 969; x_wconf 79' lang='grc' dir='ltr'><strong><em>μέλλων</em></strong></span> <span class='ocrx_word' id='word_1_51' title='bbox 1235 882 1385 971; x_wconf 73' lang='grc' dir='ltr'><strong>λῃστείας</strong></span> 
     </span>
     <span class='ocr_line' id='line_1_8' title="bbox 277 984 1384 1086; baseline -0.028 -16"><span class='ocrx_word' id='word_1_52' title='bbox 277 1008 358 1070; x_wconf 80' lang='grc' dir='ltr'><strong><em>κατὰ</em></strong></span> <span class='ocrx_word' id='word_1_53' title='bbox 370 1006 575 1086; x_wconf 78' lang='grc' dir='ltr'><strong><em>χριστιαναῐν,</em></strong></span> <span class='ocrx_word' id='word_1_54' title='bbox 595 997 644 1065; x_wconf 77' lang='grc' dir='ltr'><strong>ὅτι</strong></span> <span class='ocrx_word' id='word_1_55' title='bbox 663 1004 726 1065; x_wconf 74' lang='grc' dir='ltr'><strong><em>ταῖν</em></strong></span> <span class='ocrx_word' id='word_1_56' title='bbox 737 1001 864 1063; x_wconf 71' lang='grc' dir='ltr'><strong><em>πολλῶν</em></strong></span> <span class='ocrx_word' id='word_1_57' title='bbox 881 998 1042 1079; x_wconf 77' lang='grc' dir='ltr'><strong><em>βασιλέων</em></strong></span> <span class='ocrx_word' id='word_1_58' title='bbox 1055 994 1112 1069; x_wconf 80' lang='grc' dir='ltr'><strong>ἐμὲ</strong></span> <span class='ocrx_word' id='word_1_59' title='bbox 1133 984 1384 1071; x_wconf 79' lang='grc' dir='ltr'><strong><em>προσεκαλοῦνεο</em></strong></span> 
     </span>
     <span class='ocr_line' id='line_1_9' title="bbox 279 1085 1386 1188; baseline -0.026 -16"><span class='ocrx_word' id='word_1_60' title='bbox 279 1108 440 1188; x_wconf 75' lang='grc' dir='ltr'><strong><em>διάδοχον.</em></strong></span> <span class='ocrx_word' id='word_1_61' title='bbox 483 1103 539 1169; x_wconf 75' lang='grc' dir='ltr'><strong><em>καί</em></strong></span> <span class='ocrx_word' id='word_1_62' title='bbox 556 1108 673 1185; x_wconf 80' lang='grc' dir='ltr'><strong><em>θέρους</em></strong></span> <span class='ocrx_word' id='word_1_63' title='bbox 694 1104 754 1183; x_wconf 79' lang='grc' dir='ltr'><strong><em>μὲν</em></strong></span> <span class='ocrx_word' id='word_1_64' title='bbox 775 1099 1024 1183; x_wconf 70' lang='grc' dir='ltr'><strong><em>ἐγκαθεζόμενον</em></strong></span> <span class='ocrx_word' id='word_1_65' title='bbox 1042 1090 1126 1174; x_wconf 78' lang='grc' dir='ltr'><strong><em>ἔχειν</em></strong></span> <span class='ocrx_word' id='word_1_66' title='bbox 1148 1088 1204 1152; x_wconf 82' lang='grc' dir='ltr'><strong><em>τὸν</em></strong></span> <span class='ocrx_word' id='word_1_67' title='bbox 1221 1085 1386 1167; x_wconf 74' lang='grc' dir='ltr'><strong><em>βάρβαρον</em></strong></span> 
     </span>
     <span class='ocr_line' id='line_1_10' title="bbox 278 1184 1385 1286; baseline -0.03 -11"><span class='ocrx_word' id='word_1_68' title='bbox 278 1213 336 1275; x_wconf 84' lang='grc' dir='ltr'><strong><em>καί</em></strong></span> <span class='ocrx_word' id='word_1_69' title='bbox 352 1208 502 1286; x_wconf 77' lang='grc' dir='ltr'><strong><em>πολέμιον</em></strong></span> <span class='ocrx_word' id='word_1_70' title='bbox 515 1208 635 1271; x_wconf 76' lang='grc' dir='ltr'><strong><em>ἐκεῖνον</em></strong></span> <span class='ocrx_word' id='word_1_71' title='bbox 646 1200 786 1286; x_wconf 79' lang='grc' dir='ltr'><strong><em>στρατόν</em></strong></span> <span class='ocrx_word' id='word_1_72' title='bbox 807 1198 909 1281; x_wconf 82' lang='grc' dir='ltr'><strong><em>ἔκειρε</em></strong></span> <span class='ocrx_word' id='word_1_73' title='bbox 922 1196 980 1281; x_wconf 70' lang='grc' dir='ltr'><strong><em>τὴν</em></strong></span> <span class='ocrx_word' id='word_1_74' title='bbox 994 1196 1057 1261; x_wconf 76' lang='grc' dir='ltr'><strong><em>τῶν</em></strong></span> <span class='ocrx_word' id='word_1_75' title='bbox 1071 1190 1240 1276; x_wconf 75' lang='grc' dir='ltr'><strong><em>Θρφκικοῆν</em></strong></span> <span class='ocrx_word' id='word_1_76' title='bbox 1261 1184 1385 1247; x_wconf 79' lang='grc' dir='ltr'><strong><em>πόλεων</em></strong></span> 
     </span>
     <span class='ocr_line' id='line_1_11' title="bbox 278 1284 1434 1393; baseline -0.022 -21"><span class='ocrx_word' id='word_1_77' title='bbox 278 1312 348 1393; x_wconf 75' lang='grc' dir='ltr'><strong><em>γῆν,</em></strong></span> <span class='ocrx_word' id='word_1_78' title='bbox 367 1308 524 1392; x_wconf 74' lang='grc' dir='ltr'><strong><em>χειμιῖνος</em></strong></span> <span class='ocrx_word' id='word_1_79' title='bbox 553 1308 589 1370; x_wconf 71' lang='grc' dir='ltr'><strong>δὲ</strong></span> <span class='ocrx_word' id='word_1_80' title='bbox 621 1306 677 1369; x_wconf 76' lang='grc' dir='ltr'><strong><em>καί</em></strong></span> <span class='ocrx_word' id='word_1_81' title='bbox 696 1300 799 1378; x_wconf 75' lang='grc' dir='ltr'><strong><em>αδτιὶς</em></strong></span> <span class='ocrx_word' id='word_1_82' title='bbox 836 1298 962 1382; x_wconf 73' lang='grc' dir='ltr'><strong><em>ἠρήμου</em></strong></span> <span class='ocrx_word' id='word_1_83' title='bbox 995 1294 1055 1369; x_wconf 72' lang='grc' dir='ltr'><strong><em>τας</em></strong></span> <span class='ocrx_word' id='word_1_84' title='bbox 1076 1293 1200 1369; x_wconf 75' lang='grc' dir='ltr'><strong><em>πόλεις,</em></strong></span> <span class='ocrx_word' id='word_1_85' title='bbox 1230 1286 1270 1351; x_wconf 74' lang='grc' dir='ltr'><strong><em>τα</em></strong></span> <span class='ocrx_word' id='word_1_86' title='bbox 1293 1284 1384 1364; x_wconf 82' lang='grc' dir='ltr'><strong><em>πδριξ</em></strong></span> <span class='ocrx_word' id='word_1_87' title='bbox 1398 1293 1434 1347; x_wconf 88' lang='lat'><strong>1⁰</strong></span> 
     </span>
     <span class='ocr_line' id='line_1_12' title="bbox 280 1387 1384 1494; baseline -0.026 -19"><span class='ocrx_word' id='word_1_88' title='bbox 280 1405 407 1475; x_wconf 71' lang='grc' dir='ltr'><strong><em>ἅπαντα</em></strong></span> <span class='ocrx_word' id='word_1_89' title='bbox 433 1405 618 1494; x_wconf 70' lang='grc' dir='ltr'><strong><em>ληϊζόμενος</em></strong></span> <span class='ocrx_word' id='word_1_90' title='bbox 645 1428 679 1471; x_wconf 84' lang='grc' dir='ltr'><strong>τε</strong></span> <span class='ocrx_word' id='word_1_91' title='bbox 719 1409 773 1468; x_wconf 79' lang='grc' dir='ltr'><strong><em>καὶ</em></strong></span> <span class='ocrx_word' id='word_1_92' title='bbox 814 1395 1124 1483; x_wconf 66' lang='grc' dir='ltr'><strong><em>ἀνδραποδιζόμενος</em></strong></span> <span class='ocrx_word' id='word_1_93' title='bbox 1155 1387 1236 1473; x_wconf 71' lang='grc' dir='ltr'><strong><em>ἄχρι</em></strong></span> <span class='ocrx_word' id='word_1_94' title='bbox 1263 1387 1384 1462; x_wconf 73' lang='grc' dir='ltr'><strong><em>πυλῶν,</em></strong></span> 
     </span>
     <span class='ocr_line' id='line_1_13' title="bbox 280 1489 1383 1593; baseline -0.025 -17"><span class='ocrx_word' id='word_1_95' title='bbox 280 1507 338 1593; x_wconf 78' lang='lat' dir='ltr'><strong>c‘p&#39;</strong></span> <span class='ocrx_word' id='word_1_96' title='bbox 361 1500 418 1590; x_wconf 79' lang='grc' dir='ltr'><strong><em>ὧν,</em></strong></span> <span class='ocrx_word' id='word_1_97' title='bbox 439 1500 466 1573; x_wconf 73' lang='grc' dir='ltr'><strong>ιδ</strong></span> <span class='ocrx_word' id='word_1_98' title='bbox 488 1515 527 1593; x_wconf 75' lang='grc' dir='ltr'><strong>γῆ</strong></span> <span class='ocrx_word' id='word_1_99' title='bbox 548 1512 604 1573; x_wconf 81' lang='grc' dir='ltr'><strong><em>καί</em></strong></span> <span class='ocrx_word' id='word_1_100' title='bbox 624 1504 705 1591; x_wconf 78' lang='grc' dir='ltr'><strong><em>ἥλιε,</em></strong></span> <span class='ocrx_word' id='word_1_101' title='bbox 727 1508 822 1570; x_wconf 67' lang='grc' dir='ltr'><strong><em>οὐδὲν</em></strong></span> <span class='ocrx_word' id='word_1_102' title='bbox 843 1504 1047 1585; x_wconf 77' lang='grc' dir='ltr'><strong><em>προηδίκρτο.</em></strong></span> <span class='ocrx_word' id='word_1_103' title='bbox 1089 1494 1145 1560; x_wconf 84' lang='grc' dir='ltr'>καί</span> <span class='ocrx_word' id='word_1_104' title='bbox 1164 1489 1201 1557; x_wconf 79' lang='grc' dir='ltr'><strong><em>το</em></strong></span> <span class='ocrx_word' id='word_1_105' title='bbox 1224 1494 1281 1573; x_wconf 79' lang='grc' dir='ltr'><strong>τῆς</strong></span> <span class='ocrx_word' id='word_1_106' title='bbox 1301 1510 1383 1571; x_wconf 87' lang='grc' dir='ltr'><strong><em>τρα-</em></strong></span> 
     </span>
     <span class='ocr_line' id='line_1_14' title="bbox 278 1591 1383 1701; baseline -0.024 -26"><span class='ocrx_word' id='word_1_107' title='bbox 278 1614 399 1701; x_wconf 69' lang='grc' dir='ltr'><strong><em>γιρδίας</em></strong></span> <span class='ocrx_word' id='word_1_108' title='bbox 418 1608 621 1693; x_wconf 68' lang='grc' dir='ltr'><strong><em>βαρύτατον,</em></strong></span> <span class='ocrx_word' id='word_1_109' title='bbox 649 1603 698 1673; x_wconf 81' lang='grc' dir='ltr'><strong>ὅτι</strong></span> <span class='ocrx_word' id='word_1_110' title='bbox 725 1610 788 1672; x_wconf 74' lang='grc' dir='ltr'><strong><em>ταῖν</em></strong></span> <span class='ocrx_word' id='word_1_111' title='bbox 811 1602 1025 1686; x_wconf 75' lang='grc' dir='ltr'><strong><em>αἰχμαλότων</em></strong></span> <span class='ocrx_word' id='word_1_112' title='bbox 1055 1596 1197 1668; x_wconf 74' lang='grc' dir='ltr'><strong><em>ἐλεεινῶς</em></strong></span> <span class='ocrx_word' id='word_1_113' title='bbox 1219 1591 1383 1673; x_wconf 79' lang='grc' dir='ltr'><strong><em>α’γομένων</em></strong></span> 
     </span>
     <span class='ocr_line' id='line_1_15' title="bbox 282 1688 1386 1794; baseline -0.028 -13"><span class='ocrx_word' id='word_1_114' title='bbox 282 1715 444 1793; x_wconf 70' lang='grc' dir='ltr'><strong><em>σχίζοντες</em></strong></span> <span class='ocrx_word' id='word_1_115' title='bbox 475 1709 531 1784; x_wconf 72' lang='lat' dir='ltr'><strong>ede</strong></span> <span class='ocrx_word' id='word_1_116' title='bbox 560 1714 715 1794; x_wconf 59' lang='grc' dir='ltr'><strong><em>γαστέρας</em></strong></span> <span class='ocrx_word' id='word_1_117' title='bbox 743 1705 774 1773; x_wconf 82' lang='grc' dir='ltr'><strong><em>οἱ</em></strong></span> <span class='ocrx_word' id='word_1_118' title='bbox 796 1706 959 1789; x_wconf 74' lang='grc' dir='ltr'><strong><em>βόρβορον</em></strong></span> <span class='ocrx_word' id='word_1_119' title='bbox 985 1699 1044 1776; x_wconf 79' lang='grc' dir='ltr'><strong>τᾰς</strong></span> <span class='ocrx_word' id='word_1_120' title='bbox 1070 1722 1104 1762; x_wconf 89' lang='grc' dir='ltr'><strong>τε</strong></span> <span class='ocrx_word' id='word_1_121' title='bbox 1126 1703 1238 1777; x_wconf 77' lang='grc' dir='ltr'><strong><em>χεδρας</em></strong></span> <span class='ocrx_word' id='word_1_122' title='bbox 1258 1688 1386 1755; x_wconf 75' lang='grc' dir='ltr'><strong><em>ἑαυτῶν</em></strong></span> 
     </span>
     <span class='ocr_line' id='line_1_16' title="bbox 282 1789 1432 1891; baseline -0.021 -16"><span class='ocrx_word' id='word_1_123' title='bbox 282 1816 338 1875; x_wconf 84' lang='grc' dir='ltr'><strong><em>καί</em></strong></span> <span class='ocrx_word' id='word_1_124' title='bbox 358 1810 432 1886; x_wconf 79' lang='grc' dir='ltr'><strong>τούς</strong></span> <span class='ocrx_word' id='word_1_125' title='bbox 452 1810 554 1884; x_wconf 86' lang='grc' dir='ltr'><strong><em>πόδας</em></strong></span> <span class='ocrx_word' id='word_1_126' title='bbox 575 1811 706 1891; x_wconf 77' lang='grc' dir='ltr'><strong><em>εἰσῆγον</em></strong></span> <span class='ocrx_word' id='word_1_127' title='bbox 722 1810 819 1881; x_wconf 85' lang='grc' dir='ltr'><strong><em>α’λέας</em></strong></span> <span class='ocrx_word' id='word_1_128' title='bbox 840 1807 972 1885; x_wconf 86' lang='grc' dir='ltr'><strong><em>μετρίας</em></strong></span> <span class='ocrx_word' id='word_1_129' title='bbox 994 1804 1110 1887; x_wconf 77' lang='grc' dir='ltr'><strong><em>εἵνεκα,</em></strong></span> <span class='ocrx_word' id='word_1_130' title='bbox 1130 1794 1167 1859; x_wconf 80' lang='grc' dir='ltr'><strong>τὸ</strong></span> <span class='ocrx_word' id='word_1_131' title='bbox 1190 1789 1384 1873; x_wconf 71' lang='grc' dir='ltr'><strong><em>τιμιώτατον</em></strong></span> <span class='ocrx_word' id='word_1_132' title='bbox 1398 1798 1432 1852; x_wconf 83' lang='grc'><strong>15</strong></span> 
     </span>
     <span class='ocr_line' id='line_1_17' title="bbox 274 1886 1389 1996; baseline -0.023 -18"><span class='ocrx_word' id='word_1_133' title='bbox 274 1915 386 1996; x_wconf 78' lang='grc' dir='ltr'><strong><em>ιιτῆμα</em></strong></span> <span class='ocrx_word' id='word_1_134' title='bbox 406 1913 485 1975; x_wconf 79' lang='grc' dir='ltr'><strong><em>θεοῦ</em></strong></span> <span class='ocrx_word' id='word_1_135' title='bbox 506 1909 562 1975; x_wconf 86' lang='grc' dir='ltr'><strong><em>τδν</em></strong></span> <span class='ocrx_word' id='word_1_136' title='bbox 583 1907 754 1992; x_wconf 76' lang='grc' dir='ltr'><strong><em>ἄνθρωπον</em></strong></span> <span class='ocrx_word' id='word_1_137' title='bbox 768 1913 953 1993; x_wconf 72' lang='grc' dir='ltr'><strong><em>φθείροντες</em></strong></span> <span class='ocrx_word' id='word_1_138' title='bbox 970 1897 1078 1985; x_wconf 69' lang='grc' dir='ltr'><strong><em>οἷσπερ</em></strong></span> <span class='ocrx_word' id='word_1_139' title='bbox 1101 1902 1135 1965; x_wconf 78' lang='grc' dir='ltr'><strong><em>ἐν</em></strong></span> <span class='ocrx_word' id='word_1_140' title='bbox 1154 1895 1286 1967; x_wconf 79' lang='grc' dir='ltr'><strong><em>παιδιᾶς</em></strong></span> <span class='ocrx_word' id='word_1_141' title='bbox 1305 1886 1389 1972; x_wconf 60' lang='lat' dir='ltr'><strong>ngr}-</strong></span> 
     </span>
     <span class='ocr_line' id='line_1_18' title="bbox 282 1994 1388 2097; baseline -0.024 -17"><span class='ocrx_word' id='word_1_142' title='bbox 282 2038 372 2097; x_wconf 85' lang='grc' dir='ltr'><strong><em>ματι.</em></strong></span> <span class='ocrx_word' id='word_1_143' title='bbox 394 2010 413 2076; x_wconf 79' lang='grc' dir='ltr'>ὃ</span> <span class='ocrx_word' id='word_1_144' title='bbox 435 2015 463 2077; x_wconf 86' lang='grc' dir='ltr'><strong>δ’</strong></span> <span class='ocrx_word' id='word_1_145' title='bbox 485 2004 558 2077; x_wconf 68' lang='grc' dir='ltr'><strong><em>οὔτε</em></strong></span> <span class='ocrx_word' id='word_1_146' title='bbox 578 2009 752 2091; x_wconf 72' lang='grc' dir='ltr'><strong><em>ἐκάμπτετο</em></strong></span> <span class='ocrx_word' id='word_1_147' title='bbox 773 2012 900 2091; x_wconf 72' lang='grc' dir='ltr'><strong><em>βλέπων</em></strong></span> <span class='ocrx_word' id='word_1_148' title='bbox 919 2004 978 2089; x_wconf 73' lang='grc' dir='ltr'><strong><em>τήν</em></strong></span> <span class='ocrx_word' id='word_1_149' title='bbox 999 2006 1062 2067; x_wconf 76' lang='grc' dir='ltr'><strong><em>τῶν</em></strong></span> <span class='ocrx_word' id='word_1_150' title='bbox 1085 1994 1262 2084; x_wconf 72' lang='grc' dir='ltr'><strong><em>ὁμοφύλων</em></strong></span> <span class='ocrx_word' id='word_1_151' title='bbox 1285 1995 1388 2055; x_wconf 79' lang='grc' dir='ltr'><strong><em>ἐλεει-</em></strong></span> 
     </span>
     <span class='ocr_line' id='line_1_19' title="bbox 283 2098 1390 2202; baseline -0.013 -22"><span class='ocrx_word' id='word_1_152' title='bbox 283 2114 342 2198; x_wconf 76' lang='grc' dir='ltr'><strong>νὴν</strong></span> <span class='ocrx_word' id='word_1_153' title='bbox 364 2116 540 2202; x_wconf 73' lang='grc' dir='ltr'><strong><em>τρυγῳδίαν</em></strong></span> <span class='ocrx_word' id='word_1_154' title='bbox 562 2115 694 2196; x_wconf 73' lang='grc' dir='ltr'><strong><em>ἐκείνην,</em></strong></span> <span class='ocrx_word' id='word_1_155' title='bbox 715 2105 781 2176; x_wconf 74' lang='grc' dir='ltr'><strong><em>οὔτ’</em></strong></span> <span class='ocrx_word' id='word_1_156' title='bbox 804 2108 911 2174; x_wconf 74' lang='grc' dir='ltr'><strong><em>εἰκόνα</em></strong></span> <span class='ocrx_word' id='word_1_157' title='bbox 931 2108 1010 2190; x_wconf 73' lang='grc' dir='ltr'><strong><em>γοῦν</em></strong></span> <span class='ocrx_word' id='word_1_158' title='bbox 1031 2100 1116 2176; x_wconf 86' lang='grc' dir='ltr'><strong><em>τινός</em></strong></span> <span class='ocrx_word' id='word_1_159' title='bbox 1137 2098 1291 2181; x_wconf 67' lang='grc' dir='ltr'><strong><em>βραχείας</em></strong></span> <span class='ocrx_word' id='word_1_160' title='bbox 1315 2114 1390 2177; x_wconf 56' lang='grc' dir='ltr'><strong><em>φεῖ·</em></strong></span> 
     </span>
     <span class='ocr_line' id='line_1_20' title="bbox 286 2193 1390 2308; baseline -0.024 -27"><span class='ocrx_word' id='word_1_161' title='bbox 286 2219 363 2291; x_wconf 73' lang='grc' dir='ltr'><strong><em>δοιῖς</em></strong></span> <span class='ocrx_word' id='word_1_162' title='bbox 386 2212 585 2308; x_wconf 62' lang='lat' dir='ltr'><strong>destinasses</strong></span> <span class='ocrx_word' id='word_1_163' title='bbox 619 2209 702 2288; x_wconf 81' lang='grc' dir='ltr'><strong><em>ὅλαις</em></strong></span> <span class='ocrx_word' id='word_1_164' title='bbox 730 2218 773 2300; x_wconf 71' lang='grc' dir='ltr'><strong>τῷ</strong></span> <span class='ocrx_word' id='word_1_165' title='bbox 797 2213 853 2295; x_wconf 79' lang='grc' dir='ltr'><strong>τῆς</strong></span> <span class='ocrx_word' id='word_1_166' title='bbox 875 2212 985 2291; x_wconf 80' lang='grc' dir='ltr'><strong><em>ψυχῆς</em></strong></span> <span class='ocrx_word' id='word_1_167' title='bbox 1008 2198 1187 2280; x_wconf 74' lang='grc' dir='ltr'><strong><em>συνειδότι,</em></strong></span> <span class='ocrx_word' id='word_1_168' title='bbox 1221 2197 1291 2259; x_wconf 80' lang='lat' dir='ltr'><strong>dtt&#39;</strong></span> <span class='ocrx_word' id='word_1_169' title='bbox 1313 2193 1390 2277; x_wconf 75' lang='grc' dir='ltr'><strong><em>ἧμι-</em></strong></span> 
     </span>
     <span class='ocr_line' id='line_1_21' title="bbox 284 2294 1436 2401; baseline -0.026 -17"><span class='ocrx_word' id='word_1_170' title='bbox 284 2319 405 2401; x_wconf 78' lang='grc' dir='ltr'><strong><em>θνῆτας</em></strong></span> <span class='ocrx_word' id='word_1_171' title='bbox 434 2313 480 2383; x_wconf 80' lang='grc' dir='ltr'><strong>ἔτι</strong></span> <span class='ocrx_word' id='word_1_172' title='bbox 511 2318 567 2380; x_wconf 79' lang='grc' dir='ltr'><strong><em>κατ’</em></strong></span> <span class='ocrx_word' id='word_1_173' title='bbox 596 2311 809 2396; x_wconf 76' lang='grc' dir='ltr'><strong><em>ἀσπαίροντας</em></strong></span> <span class='ocrx_word' id='word_1_174' title='bbox 838 2310 974 2397; x_wconf 84' lang='grc' dir='ltr'><strong><em>ἔφιππος</em></strong></span> <span class='ocrx_word' id='word_1_175' title='bbox 1003 2306 1058 2371; x_wconf 77' lang='grc' dir='ltr'><strong><em>καὶ</em></strong></span> <span class='ocrx_word' id='word_1_176' title='bbox 1088 2300 1186 2375; x_wconf 73' lang='lat' dir='ltr'><strong>edric</strong></span> <span class='ocrx_word' id='word_1_177' title='bbox 1216 2294 1313 2362; x_wconf 73' lang='grc' dir='ltr'><strong><em>ἐπιών</em></strong></span> <span class='ocrx_word' id='word_1_178' title='bbox 1336 2294 1436 2357; x_wconf 72' lang='grc' dir='ltr'><strong>καίλθ</strong></span> 
     </span>
     <span class='ocr_line' id='line_1_22' title="bbox 285 2398 1393 2501; baseline -0.026 -16"><span class='ocrx_word' id='word_1_179' title='bbox 285 2423 470 2501; x_wconf 73' lang='grc' dir='ltr'><strong><em>συμποτῶν,</em></strong></span> <span class='ocrx_word' id='word_1_180' title='bbox 489 2415 545 2499; x_wconf 72' lang='grc' dir='ltr'><strong><em>τήν</em></strong></span> <span class='ocrx_word' id='word_1_181' title='bbox 565 2421 626 2483; x_wconf 76' lang='grc' dir='ltr'><strong><em>τῶν</em></strong></span> <span class='ocrx_word' id='word_1_182' title='bbox 647 2420 746 2480; x_wconf 76' lang='grc' dir='ltr'><strong><em>λίθων</em></strong></span> <span class='ocrx_word' id='word_1_183' title='bbox 772 2411 965 2498; x_wconf 76' lang='grc' dir='ltr'><strong><em>α’ναλγησίαν</em></strong></span> <span class='ocrx_word' id='word_1_184' title='bbox 983 2406 1123 2473; x_wconf 73' lang='grc' dir='ltr'><strong><em>ἐνταῦθα</em></strong></span> <span class='ocrx_word' id='word_1_185' title='bbox 1146 2424 1212 2473; x_wconf 86' lang='grc' dir='ltr'><strong>πως</strong></span> <span class='ocrx_word' id='word_1_186' title='bbox 1233 2398 1393 2484; x_wconf 78' lang='grc' dir='ltr'><strong><em>ἐφιλονεί-</em></strong></span> 
     </span>
     <span class='ocr_line' id='line_1_23' title="bbox 291 2496 1400 2604; baseline -0.025 -19"><span class='ocrx_word' id='word_1_187' title='bbox 291 2545 339 2586; x_wconf 89' lang='grc' dir='ltr'><strong>κει</strong></span> <span class='ocrx_word' id='word_1_188' title='bbox 363 2524 558 2604; x_wconf 77' lang='grc' dir='ltr'><strong><em>μιμεῖσθαι,</em></strong></span> <span class='ocrx_word' id='word_1_189' title='bbox 585 2514 619 2582; x_wconf 85' lang='grc' dir='ltr'><strong>τό</strong></span> <span class='ocrx_word' id='word_1_190' title='bbox 641 2519 697 2600; x_wconf 81' lang='grc' dir='ltr'><strong>τῆς</strong></span> <span class='ocrx_word' id='word_1_191' title='bbox 717 2518 862 2598; x_wconf 80' lang='grc' dir='ltr'><strong><em>καρδίας,</em></strong></span> <span class='ocrx_word' id='word_1_192' title='bbox 895 2509 937 2587; x_wconf 76' lang='grc' dir='ltr'><strong>ὥς</strong></span> <span class='ocrx_word' id='word_1_193' title='bbox 959 2510 1063 2590; x_wconf 83' lang='grc' dir='ltr'><strong><em>ἔοικε,</em></strong></span> <span class='ocrx_word' id='word_1_194' title='bbox 1100 2504 1258 2588; x_wconf 71' lang='grc' dir='ltr'><strong><em>θηριῶδες</em></strong></span> <span class='ocrx_word' id='word_1_195' title='bbox 1286 2496 1400 2561; x_wconf 66' lang='lat' dir='ltr'><strong>doxain</strong></span> 
     </span>
     <span class='ocr_line' id='line_1_24' title="bbox 289 2593 1390 2705; baseline -0.025 -18"><span class='ocrx_word' id='word_1_196' title='bbox 289 2619 344 2687; x_wconf 81' lang='grc' dir='ltr'><strong><em>καί</em></strong></span> <span class='ocrx_word' id='word_1_197' title='bbox 361 2615 552 2704; x_wconf 73' lang='grc' dir='ltr'><strong><em>γυμνάζων,</em></strong></span> <span class='ocrx_word' id='word_1_198' title='bbox 581 2618 626 2702; x_wconf 72' lang='grc' dir='ltr'><strong>μὴ</strong></span> <span class='ocrx_word' id='word_1_199' title='bbox 660 2616 745 2705; x_wconf 70' lang='grc' dir='ltr'><strong><em>λα’θρ</em></strong></span> <span class='ocrx_word' id='word_1_200' title='bbox 769 2611 826 2698; x_wconf 70' lang='grc' dir='ltr'><strong><em>τὴν</em></strong></span> <span class='ocrx_word' id='word_1_201' title='bbox 857 2615 921 2691; x_wconf 75' lang='grc' dir='ltr'><strong><em>ἕξιν</em></strong></span> <span class='ocrx_word' id='word_1_202' title='bbox 942 2607 1002 2695; x_wconf 78' lang='grc' dir='ltr'><strong>ὀψὲ</strong></span> <span class='ocrx_word' id='word_1_203' title='bbox 1027 2612 1223 2694; x_wconf 80' lang='grc' dir='ltr'><strong><em>διαφθεῖρον</em></strong></span> <span class='ocrx_word' id='word_1_204' title='bbox 1244 2606 1300 2683; x_wconf 77' lang='grc' dir='ltr'><strong>τῆς</strong></span> <span class='ocrx_word' id='word_1_205' title='bbox 1321 2593 1390 2681; x_wconf 73' lang='lat' dir='ltr'><strong>psi·</strong></span> 
     </span>
    </p>
   </div>
   <div class='ocr_carea' id='block_1_3' title="bbox 278 2923 1473 4143">
    <p class='ocr_par' dir='ltr' id='par_1_3' title="bbox 278 2923 1473 4143">
     <span class='ocr_line' id='line_1_25' title="bbox 292 2923 1394 3003; baseline -0.019 -14"><span class='ocrx_word' id='word_1_206' title='bbox 292 2942 354 2989; x_wconf 85' lang='lat' dir='ltr'><strong>tans</strong></span> <span class='ocrx_word' id='word_1_207' title='bbox 373 2939 455 2989; x_wconf 85' lang='lat' dir='ltr'><strong>esset.</strong></span> <span class='ocrx_word' id='word_1_208' title='bbox 491 2948 571 3003; x_wconf 83' lang='lat' dir='ltr'><strong>qnnm</strong></span> <span class='ocrx_word' id='word_1_209' title='bbox 591 2932 662 2985; x_wconf 87' lang='lat' dir='ltr'><strong>enirn</strong></span> <span class='ocrx_word' id='word_1_210' title='bbox 690 2931 766 2985; x_wconf 81' lang='lat' dir='ltr'><strong>cives</strong></span> <span class='ocrx_word' id='word_1_211' title='bbox 786 2932 908 3000; x_wconf 77' lang='lat' dir='ltr'><strong>regimen</strong></span> <span class='ocrx_word' id='word_1_212' title='bbox 927 2930 985 2982; x_wconf 90' lang='lat' dir='ltr'><strong>eius</strong></span> <span class='ocrx_word' id='word_1_213' title='bbox 1011 2942 1067 2980; x_wconf 88' lang='lat' dir='ltr'><strong>nnn</strong></span> <span class='ocrx_word' id='word_1_214' title='bbox 1085 2923 1166 2978; x_wconf 88' lang='lat' dir='ltr'><strong>iacile</strong></span> <span class='ocrx_word' id='word_1_215' title='bbox 1184 2926 1340 2991; x_wconf 81' lang='lat' dir='ltr'><strong>paterentur</strong></span> <span class='ocrx_word' id='word_1_216' title='bbox 1360 2930 1394 2969; x_wconf 87' lang='lat' dir='ltr'><strong>ce</strong></span> 
     </span>
     <span class='ocr_line' id='line_1_26' title="bbox 293 2988 1395 3078; baseline -0.02 -17"><span class='ocrx_word' id='word_1_217' title='bbox 293 3020 454 3078; x_wconf 72' lang='lat' dir='ltr'><strong>progressas</strong></span> <span class='ocrx_word' id='word_1_218' title='bbox 482 3013 525 3058; x_wconf 90' lang='lat' dir='ltr'><strong>est</strong></span> <span class='ocrx_word' id='word_1_219' title='bbox 547 3013 577 3058; x_wconf 91' lang='lat' dir='ltr'><strong>nt</strong></span> <span class='ocrx_word' id='word_1_220' title='bbox 600 3020 662 3057; x_wconf 85' lang='lat' dir='ltr'><strong>sese</strong></span> <span class='ocrx_word' id='word_1_221' title='bbox 685 3014 826 3071; x_wconf 57' lang='lat' dir='ltr'><strong>iwannum</strong></span> <span class='ocrx_word' id='word_1_222' title='bbox 855 2998 1019 3065; x_wconf 59' lang='lat' dir='ltr'><strong>declararem</strong></span> <span class='ocrx_word' id='word_1_223' title='bbox 1050 2998 1098 3051; x_wconf 90' lang='lat' dir='ltr'><strong>sed</strong></span> <span class='ocrx_word' id='word_1_224' title='bbox 1123 2996 1220 3049; x_wconf 90' lang='lat' dir='ltr'><strong>deinde</strong></span> <span class='ocrx_word' id='word_1_225' title='bbox 1244 3008 1323 3063; x_wconf 87' lang='lat' dir='ltr'><strong>quum</strong></span> <span class='ocrx_word' id='word_1_226' title='bbox 1348 2988 1395 3041; x_wconf 87' lang='lat' dir='ltr'><strong>ni-</strong></span> 
     </span>
     <span class='ocr_line' id='line_1_27' title="bbox 293 3060 1396 3146; baseline -0.018 -14"><span class='ocrx_word' id='word_1_227' title='bbox 293 3078 332 3132; x_wconf 87' lang='lat' dir='ltr'><strong>bil</strong></span> <span class='ocrx_word' id='word_1_228' title='bbox 352 3079 405 3132; x_wconf 90' lang='lat' dir='ltr'><strong>sibi</strong></span> <span class='ocrx_word' id='word_1_229' title='bbox 424 3092 554 3146; x_wconf 83' lang='lat' dir='ltr'><strong>prospere</strong></span> <span class='ocrx_word' id='word_1_230' title='bbox 574 3078 672 3129; x_wconf 78' lang='lat' dir='ltr'><strong>cedere</strong></span> <span class='ocrx_word' id='word_1_231' title='bbox 700 3085 727 3128; x_wconf 91' lang='lat' dir='ltr'><strong>et</strong></span> <span class='ocrx_word' id='word_1_232' title='bbox 744 3076 845 3129; x_wconf 86' lang='lat' dir='ltr'><strong>lxiunis</strong></span> <span class='ocrx_word' id='word_1_233' title='bbox 870 3076 991 3126; x_wconf 87' lang='lat' dir='ltr'><strong>insanum</strong></span> <span class='ocrx_word' id='word_1_234' title='bbox 1011 3086 1126 3123; x_wconf 88' lang='lat' dir='ltr'><strong>amorem</strong></span> <span class='ocrx_word' id='word_1_235' title='bbox 1153 3084 1183 3121; x_wconf 90' lang='lat' dir='ltr'><strong>se</strong></span> <span class='ocrx_word' id='word_1_236' title='bbox 1203 3078 1330 3119; x_wconf 81' lang='lat' dir='ltr'><strong>exercere</strong></span> <span class='ocrx_word' id='word_1_237' title='bbox 1350 3060 1396 3113; x_wconf 86' lang='lat' dir='ltr'><strong>vi-</strong></span> 
     </span>
     <span class='ocr_line' id='line_1_28' title="bbox 294 3138 1395 3214; baseline -0.019 -11"><span class='ocrx_word' id='word_1_238' title='bbox 294 3152 379 3204; x_wconf 87' lang='lat' dir='ltr'><strong>disset</strong></span> <span class='ocrx_word' id='word_1_239' title='bbox 397 3181 433 3193; x_wconf 90' lang='lat'><em>-</em></span> <span class='ocrx_word' id='word_1_240' title='bbox 451 3164 543 3201; x_wconf 88' lang='lat' dir='ltr'><strong>omnes</strong></span> <span class='ocrx_word' id='word_1_241' title='bbox 564 3150 632 3199; x_wconf 89' lang='lat' dir='ltr'><strong>enim</strong></span> <span class='ocrx_word' id='word_1_242' title='bbox 652 3147 685 3200; x_wconf 89' lang='lat' dir='ltr'><strong>sb</strong></span> <span class='ocrx_word' id='word_1_243' title='bbox 705 3150 763 3201; x_wconf 90' lang='lat' dir='ltr'><strong>eins</strong></span> <span class='ocrx_word' id='word_1_244' title='bbox 781 3148 921 3214; x_wconf 78' lang='lat' dir='ltr'><strong>tyrannide</strong></span> <span class='ocrx_word' id='word_1_245' title='bbox 945 3142 1125 3197; x_wconf 85' lang='lat' dir='ltr'><strong>abhorrebant</strong></span> <span class='ocrx_word' id='word_1_246' title='bbox 1146 3170 1180 3181; x_wconf 89' lang='grc'><strong>--</strong></span> <span class='ocrx_word' id='word_1_247' title='bbox 1198 3138 1267 3190; x_wconf 90' lang='lat' dir='ltr'><strong>alins</strong></span> <span class='ocrx_word' id='word_1_248' title='bbox 1287 3146 1395 3201; x_wconf 86' lang='lat' dir='ltr'><strong>operam</strong></span> 
     </span>
     <span class='ocr_line' id='line_1_29' title="bbox 296 3198 1473 3287; baseline -0.018 -14"><span class='ocrx_word' id='word_1_249' title='bbox 296 3230 323 3273; x_wconf 85' lang='lat' dir='ltr'><strong>et</strong></span> <span class='ocrx_word' id='word_1_250' title='bbox 341 3220 471 3273; x_wconf 82' lang='lat' dir='ltr'><strong>auxilinm</strong></span> <span class='ocrx_word' id='word_1_251' title='bbox 490 3220 541 3272; x_wconf 91' lang='lat' dir='ltr'><strong>sibi</strong></span> <span class='ocrx_word' id='word_1_252' title='bbox 559 3221 684 3284; x_wconf 87' lang='lat' dir='ltr'><strong>adscivit,</strong></span> <span class='ocrx_word' id='word_1_253' title='bbox 702 3235 757 3271; x_wconf 87' lang='lat' dir='ltr'><strong>nan</strong></span> <span class='ocrx_word' id='word_1_254' title='bbox 784 3221 828 3272; x_wconf 90' lang='lat' dir='ltr'><strong>dei</strong></span> <span class='ocrx_word' id='word_1_255' title='bbox 847 3218 952 3287; x_wconf 89' lang='lat' dir='ltr'><strong>quidem</strong></span> <span class='ocrx_word' id='word_1_256' title='bbox 973 3218 1057 3269; x_wconf 90' lang='lat' dir='ltr'><strong>cuius·</strong></span> <span class='ocrx_word' id='word_1_257' title='bbox 1075 3212 1203 3265; x_wconf 82' lang='lat' dir='ltr'><strong>auxilium</strong></span> <span class='ocrx_word' id='word_1_258' title='bbox 1222 3206 1396 3260; x_wconf 85' lang='lat' dir='ltr'><strong>iustissimam</strong></span> <span class='ocrx_word' id='word_1_259' title='bbox 1469 3198 1473 3205; x_wconf 89' lang='lat'>&#39;</span> 
     </span>
     <span class='ocr_line' id='line_1_30' title="bbox 295 3278 1396 3358; baseline -0.019 -13"><span class='ocrx_word' id='word_1_260' title='bbox 295 3300 347 3356; x_wconf 83' lang='lat' dir='ltr'><strong>est,</strong></span> <span class='ocrx_word' id='word_1_261' title='bbox 367 3292 414 3343; x_wconf 91' lang='lat' dir='ltr'><strong>sed</strong></span> <span class='ocrx_word' id='word_1_262' title='bbox 433 3291 582 3357; x_wconf 70' lang='lat' dir='ltr'>impiissimi</span> <span class='ocrx_word' id='word_1_263' title='bbox 600 3291 705 3341; x_wconf 87' lang='lat' dir='ltr'><strong>barbari</strong></span> <span class='ocrx_word' id='word_1_264' title='bbox 731 3291 805 3341; x_wconf 88' lang='lat' dir='ltr'><strong>illins</strong></span> <span class='ocrx_word' id='word_1_265' title='bbox 831 3300 860 3342; x_wconf 89' lang='lat' dir='ltr'><strong>nt</strong></span> <span class='ocrx_word' id='word_1_266' title='bbox 878 3291 1080 3358; x_wconf 86' lang='lat' dir='ltr'><strong>peregrinorum</strong></span> <span class='ocrx_word' id='word_1_267' title='bbox 1110 3284 1210 3351; x_wconf 86' lang='lat' dir='ltr'><strong>rapinis</strong></span> <span class='ocrx_word' id='word_1_268' title='bbox 1230 3278 1396 3335; x_wconf 84' lang='lat' dir='ltr'><strong>Christianos</strong></span> 
     </span>
     <span class='ocr_line' id='line_1_31' title="bbox 295 3348 1397 3429; baseline -0.018 -13"><span class='ocrx_word' id='word_1_269' title='bbox 295 3370 418 3426; x_wconf 79' lang='lat' dir='ltr'><strong>vexaret,</strong></span> <span class='ocrx_word' id='word_1_270' title='bbox 439 3364 484 3429; x_wconf 88' lang='lat' dir='ltr'><strong>qni</strong></span> <span class='ocrx_word' id='word_1_271' title='bbox 505 3364 614 3429; x_wconf 79' lang='lat' dir='ltr'><strong>regibus</strong></span> <span class='ocrx_word' id='word_1_272' title='bbox 632 3362 722 3412; x_wconf 87' lang='lat' dir='ltr'><strong>multis</strong></span> <span class='ocrx_word' id='word_1_273' title='bbox 741 3362 798 3413; x_wconf 89' lang='lat' dir='ltr'><strong>illis</strong></span> <span class='ocrx_word' id='word_1_274' title='bbox 816 3370 846 3413; x_wconf 88' lang='lat' dir='ltr'><strong>ut</strong></span> <span class='ocrx_word' id='word_1_275' title='bbox 865 3377 916 3429; x_wconf 85' lang='lat' dir='ltr'><strong>ego</strong></span> <span class='ocrx_word' id='word_1_276' title='bbox 941 3361 1112 3413; x_wconf 73' lang='lat' dir='ltr'><strong>succederem</strong></span> <span class='ocrx_word' id='word_1_277' title='bbox 1132 3354 1267 3409; x_wconf 84' lang='lat' dir='ltr'><strong>volebant.</strong></span> <span class='ocrx_word' id='word_1_278' title='bbox 1305 3348 1397 3414; x_wconf 88' lang='lat' dir='ltr'><strong>itaque</strong></span> 
     </span>
     <span class='ocr_line' id='line_1_32' title="bbox 296 3422 1398 3501; baseline -0.018 -14"><span class='ocrx_word' id='word_1_279' title='bbox 296 3443 420 3501; x_wconf 87' lang='lat' dir='ltr'><strong>tempore</strong></span> <span class='ocrx_word' id='word_1_280' title='bbox 439 3433 544 3484; x_wconf 87' lang='lat' dir='ltr'><strong>aestive</strong></span> <span class='ocrx_word' id='word_1_281' title='bbox 565 3449 623 3484; x_wconf 88' lang='lat' dir='ltr'><strong>crnn</strong></span> <span class='ocrx_word' id='word_1_282' title='bbox 642 3432 813 3484; x_wconf 88' lang='lat' dir='ltr'><strong>barbarorum</strong></span> <span class='ocrx_word' id='word_1_283' title='bbox 834 3441 861 3484; x_wconf 85' lang='lat' dir='ltr'><strong>et</strong></span> <span class='ocrx_word' id='word_1_284' title='bbox 879 3434 995 3483; x_wconf 87' lang='lat' dir='ltr'><strong>bostium</strong></span> <span class='ocrx_word' id='word_1_285' title='bbox 1013 3430 1120 3481; x_wconf 86' lang='lat' dir='ltr'><strong>illorum</strong></span> <span class='ocrx_word' id='word_1_286' title='bbox 1136 3426 1256 3479; x_wconf 85' lang='lat' dir='ltr'><strong>exercitu</strong></span> <span class='ocrx_word' id='word_1_287' title='bbox 1269 3422 1398 3475; x_wconf 85' lang='lat' dir='ltr'><strong>Thracum</strong></span> 
     </span>
     <span class='ocr_line' id='line_1_33' title="bbox 294 3493 1399 3591; baseline -0.017 -33"><span class='ocrx_word' id='word_1_288' title='bbox 294 3506 399 3591; x_wconf 74' lang='lat' dir='ltr'><strong>urbium</strong></span> <span class='ocrx_word' id='word_1_289' title='bbox 430 3505 556 3573; x_wconf 75' lang='lat' dir='ltr'><strong>regiones</strong></span> <span class='ocrx_word' id='word_1_290' title='bbox 580 3505 723 3571; x_wconf 90' lang='lat' dir='ltr'><strong>populatus</strong></span> <span class='ocrx_word' id='word_1_291' title='bbox 744 3513 799 3569; x_wconf 88' lang='lat' dir='ltr'><strong>est,</strong></span> <span class='ocrx_word' id='word_1_292' title='bbox 825 3504 912 3555; x_wconf 87' lang='lat' dir='ltr'><strong>bieme</strong></span> <span class='ocrx_word' id='word_1_293' title='bbox 929 3511 1016 3555; x_wconf 88' lang='lat' dir='ltr'><strong>autem</strong></span> <span class='ocrx_word' id='word_1_294' title='bbox 1047 3502 1118 3566; x_wconf 90' lang='lat' dir='ltr'><strong>ipsas</strong></span> <span class='ocrx_word' id='word_1_295' title='bbox 1137 3498 1217 3550; x_wconf 88' lang='lat' dir='ltr'><strong>urbes</strong></span> <span class='ocrx_word' id='word_1_296' title='bbox 1236 3493 1353 3547; x_wconf 69' lang='lat' dir='ltr'><strong>vastavit</strong></span> <span class='ocrx_word' id='word_1_297' title='bbox 1372 3494 1399 3539; x_wconf 87' lang='lat' dir='ltr'><strong>et</strong></span> 
     </span>
     <span class='ocr_line' id='line_1_34' title="bbox 296 3564 1397 3643; baseline -0.018 -14"><span class='ocrx_word' id='word_1_298' title='bbox 296 3578 471 3630; x_wconf 78' lang='lat' dir='ltr'><strong>circumcirca</strong></span> <span class='ocrx_word' id='word_1_299' title='bbox 489 3591 575 3643; x_wconf 86' lang='lat' dir='ltr'><strong>usque</strong></span> <span class='ocrx_word' id='word_1_300' title='bbox 593 3578 625 3627; x_wconf 92' lang='lat' dir='ltr'><strong>ad</strong></span> <span class='ocrx_word' id='word_1_301' title='bbox 645 3583 735 3642; x_wconf 88' lang='lat' dir='ltr'><strong>portas</strong></span> <span class='ocrx_word' id='word_1_302' title='bbox 754 3583 850 3627; x_wconf 88' lang='lat' dir='ltr'><strong>cuncta</strong></span> <span class='ocrx_word' id='word_1_303' title='bbox 869 3575 978 3641; x_wconf 77' lang='lat' dir='ltr'><strong>diripuit</strong></span> <span class='ocrx_word' id='word_1_304' title='bbox 1004 3580 1030 3624; x_wconf 90' lang='lat' dir='ltr'><strong>et</strong></span> <span class='ocrx_word' id='word_1_305' title='bbox 1050 3572 1170 3622; x_wconf 86' lang='lat' dir='ltr'><strong>homines</strong></span> <span class='ocrx_word' id='word_1_306' title='bbox 1196 3570 1222 3618; x_wconf 89' lang='lat' dir='ltr'><strong>in</strong></span> <span class='ocrx_word' id='word_1_307' title='bbox 1241 3564 1397 3618; x_wconf 82' lang='lat' dir='ltr'><strong>servitutem</strong></span> 
     </span>
     <span class='ocr_line' id='line_1_35' title="bbox 278 3627 1400 3717; baseline -0.02 -13"><span class='ocrx_word' id='word_1_308' title='bbox 278 3699 280 3704; x_wconf 93' lang='lat'><em>.</em></span> <span class='ocrx_word' id='word_1_309' title='bbox 296 3650 406 3703; x_wconf 85' lang='lat' dir='ltr'><strong>abduxit</strong></span> <span class='ocrx_word' id='word_1_310' title='bbox 424 3662 580 3717; x_wconf 87' lang='lat' dir='ltr'><strong>quamquam</strong></span> <span class='ocrx_word' id='word_1_311' title='bbox 601 3647 692 3698; x_wconf 88' lang='lat' dir='ltr'><strong>borum</strong></span> <span class='ocrx_word' id='word_1_312' title='bbox 712 3663 761 3714; x_wconf 90' lang='lat' dir='ltr'><strong>per</strong></span> <span class='ocrx_word' id='word_1_313' title='bbox 779 3646 863 3699; x_wconf 90' lang='lat' dir='ltr'><strong>solem</strong></span> <span class='ocrx_word' id='word_1_314' title='bbox 883 3654 910 3697; x_wconf 88' lang='lat' dir='ltr'><strong>et</strong></span> <span class='ocrx_word' id='word_1_315' title='bbox 929 3654 1025 3696; x_wconf 84' lang='lat' dir='ltr'><strong>terram</strong></span> <span class='ocrx_word' id='word_1_316' title='bbox 1039 3643 1117 3709; x_wconf 88' lang='lat' dir='ltr'><strong>culpa</strong></span> <span class='ocrx_word' id='word_1_317' title='bbox 1135 3640 1213 3692; x_wconf 89' lang='lat' dir='ltr'><strong>nulla</strong></span> <span class='ocrx_word' id='word_1_318' title='bbox 1234 3638 1330 3689; x_wconf 85' lang='lat' dir='ltr'><strong>inerat.</strong></span> <span class='ocrx_word' id='word_1_319' title='bbox 1352 3627 1400 3683; x_wconf 76' lang='lat' dir='ltr'><strong>ssd</strong></span> 
     </span>
     <span class='ocr_line' id='line_1_36' title="bbox 297 3708 1399 3784; baseline -0.013 -13"><span class='ocrx_word' id='word_1_320' title='bbox 297 3722 326 3772; x_wconf 92' lang='lat' dir='ltr'><strong>in</strong></span> <span class='ocrx_word' id='word_1_321' title='bbox 349 3721 399 3771; x_wconf 91' lang='lat' dir='ltr'><strong>hac</strong></span> <span class='ocrx_word' id='word_1_322' title='bbox 417 3735 498 3772; x_wconf 86' lang='lat' dir='ltr'><strong>scena</strong></span> <span class='ocrx_word' id='word_1_323' title='bbox 513 3718 559 3770; x_wconf 82' lang='lat' dir='ltr'><strong>vel</strong></span> <span class='ocrx_word' id='word_1_324' title='bbox 578 3720 691 3769; x_wconf 82' lang='lat' dir='ltr'><strong>maxime</strong></span> <span class='ocrx_word' id='word_1_325' title='bbox 710 3718 871 3769; x_wconf 88' lang='lat' dir='ltr'><strong>horrendum</strong></span> <span class='ocrx_word' id='word_1_326' title='bbox 891 3724 957 3779; x_wconf 87' lang='lat' dir='ltr'><strong>erat,</strong></span> <span class='ocrx_word' id='word_1_327' title='bbox 979 3715 1047 3784; x_wconf 85' lang='lat' dir='ltr'><strong>qnod</strong></span> <span class='ocrx_word' id='word_1_328' title='bbox 1067 3712 1171 3765; x_wconf 88' lang='lat' dir='ltr'><strong>barbari</strong></span> <span class='ocrx_word' id='word_1_329' title='bbox 1190 3708 1304 3777; x_wconf 85' lang='lat' dir='ltr'><strong>captivis</strong></span> <span class='ocrx_word' id='word_1_330' title='bbox 1323 3708 1399 3769; x_wconf 76' lang='lat' dir='ltr'><strong>poti-</strong></span> 
     </span>
     <span class='ocr_line' id='line_1_37' title="bbox 298 3784 1399 3860; baseline -0.018 -18"><span class='ocrx_word' id='word_1_331' title='bbox 298 3806 378 3860; x_wconf 82' lang='lat' dir='ltr'><strong>quam</strong></span> <span class='ocrx_word' id='word_1_332' title='bbox 398 3791 588 3843; x_wconf 71' lang='lat' dir='ltr'><strong>miserabiliter</strong></span> <span class='ocrx_word' id='word_1_333' title='bbox 608 3804 655 3841; x_wconf 90' lang='lat' dir='ltr'><strong>eos</strong></span> <span class='ocrx_word' id='word_1_334' title='bbox 672 3805 763 3841; x_wconf 90' lang='lat' dir='ltr'><strong>secum</strong></span> <span class='ocrx_word' id='word_1_335' title='bbox 782 3797 929 3851; x_wconf 82' lang='lat' dir='ltr'><strong>traxerunt,</strong></span> <span class='ocrx_word' id='word_1_336' title='bbox 948 3796 1069 3839; x_wconf 82' lang='lat' dir='ltr'><strong>ventrem</strong></span> <span class='ocrx_word' id='word_1_337' title='bbox 1088 3784 1241 3835; x_wconf 75' lang='lat' dir='ltr'><strong>incidebant</strong></span> <span class='ocrx_word' id='word_1_338' title='bbox 1261 3786 1288 3830; x_wconf 85' lang='lat' dir='ltr'><strong>et</strong></span> <span class='ocrx_word' id='word_1_339' title='bbox 1308 3785 1399 3826; x_wconf 88' lang='lat' dir='ltr'><strong>manus</strong></span> 
     </span>
     <span class='ocr_line' id='line_1_38' title="bbox 298 3840 1401 3930; baseline -0.022 -15"><span class='ocrx_word' id='word_1_340' title='bbox 298 3877 362 3916; x_wconf 84' lang='lat' dir='ltr'><strong>snus</strong></span> <span class='ocrx_word' id='word_1_341' title='bbox 389 3861 525 3930; x_wconf 80' lang='lat' dir='ltr'><strong>pedesque</strong></span> <span class='ocrx_word' id='word_1_342' title='bbox 553 3862 699 3929; x_wconf 79' lang='lat' dir='ltr'><strong>infigebant</strong></span> <span class='ocrx_word' id='word_1_343' title='bbox 724 3869 753 3912; x_wconf 87' lang='lat' dir='ltr'><strong>ut</strong></span> <span class='ocrx_word' id='word_1_344' title='bbox 779 3861 968 3913; x_wconf 78' lang='lat' dir='ltr'><strong>calefacerent.</strong></span> <span class='ocrx_word' id='word_1_345' title='bbox 1015 3858 1055 3909; x_wconf 90' lang='lat' dir='ltr'><strong>sic</strong></span> <span class='ocrx_word' id='word_1_346' title='bbox 1079 3853 1330 3923; x_wconf 73' lang='lat' dir='ltr'><strong>praestantissimam</strong></span> <span class='ocrx_word' id='word_1_347' title='bbox 1357 3840 1401 3894; x_wconf 90' lang='lat' dir='ltr'><strong>dei</strong></span> 
     </span>
     <span class='ocr_line' id='line_1_39' title="bbox 299 3926 1401 4000; baseline -0.02 -14"><span class='ocrx_word' id='word_1_348' title='bbox 299 3940 452 3986; x_wconf 82' lang='lat' dir='ltr'><strong>creaturam</strong></span> <span class='ocrx_word' id='word_1_349' title='bbox 471 3932 605 3984; x_wconf 85' lang='lat' dir='ltr'><strong>bominem</strong></span> <span class='ocrx_word' id='word_1_350' title='bbox 624 3932 791 3983; x_wconf 89' lang='lat' dir='ltr'><strong>trucidabant</strong></span> <span class='ocrx_word' id='word_1_351' title='bbox 810 3933 885 4000; x_wconf 84' lang='lat' dir='ltr'><strong>quasi</strong></span> <span class='ocrx_word' id='word_1_352' title='bbox 903 3931 954 3983; x_wconf 88' lang='lat' dir='ltr'><strong>sibi</strong></span> <span class='ocrx_word' id='word_1_353' title='bbox 974 3929 1051 3981; x_wconf 87' lang='lat' dir='ltr'><strong>ludus</strong></span> <span class='ocrx_word' id='word_1_354' title='bbox 1071 3935 1152 3979; x_wconf 86' lang='lat' dir='ltr'><strong>esset.</strong></span> <span class='ocrx_word' id='word_1_355' title='bbox 1199 3926 1401 3978; x_wconf 82' lang='lat' dir='ltr'><strong>Cantaeuaenus</strong></span> 
     </span>
     <span class='ocr_line' id='line_1_40' title="bbox 300 3988 1401 4073; baseline -0.021 -16"><span class='ocrx_word' id='word_1_356' title='bbox 300 4006 407 4058; x_wconf 87' lang='lat' dir='ltr'><strong>interim</strong></span> <span class='ocrx_word' id='word_1_357' title='bbox 426 4020 506 4073; x_wconf 87' lang='lat' dir='ltr'><strong>qaam</strong></span> <span class='ocrx_word' id='word_1_358' title='bbox 526 4018 634 4056; x_wconf 88' lang='lat' dir='ltr'><strong>sucrum</strong></span> <span class='ocrx_word' id='word_1_359' title='bbox 654 4004 834 4055; x_wconf 86' lang='lat' dir='ltr'><strong>miserabilem</strong></span> <span class='ocrx_word' id='word_1_360' title='bbox 859 4003 931 4055; x_wconf 88' lang='lat' dir='ltr'><strong>illam</strong></span> <span class='ocrx_word' id='word_1_361' title='bbox 950 4000 1161 4053; x_wconf 84' lang='lat' dir='ltr'><strong>internecionem</strong></span> <span class='ocrx_word' id='word_1_362' title='bbox 1189 3996 1294 4047; x_wconf 85' lang='lat' dir='ltr'><strong>videret</strong></span> <span class='ocrx_word' id='word_1_363' title='bbox 1314 3988 1401 4039; x_wconf 86' lang='lat' dir='ltr'><strong>animo</strong></span> 
     </span>
     <span class='ocr_line' id='line_1_41' title="bbox 300 4058 1403 4143; baseline -0.022 -13"><span class='ocrx_word' id='word_1_364' title='bbox 300 4092 354 4131; x_wconf 86' lang='lat' dir='ltr'><strong>non</strong></span> <span class='ocrx_word' id='word_1_365' title='bbox 375 4084 522 4129; x_wconf 83' lang='lat' dir='ltr'><strong>commotus</strong></span> <span class='ocrx_word' id='word_1_366' title='bbox 542 4085 584 4128; x_wconf 91' lang='lat' dir='ltr'><strong>est</strong></span> <span class='ocrx_word' id='word_1_367' title='bbox 602 4084 630 4127; x_wconf 87' lang='lat' dir='ltr'><strong>et</strong></span> <span class='ocrx_word' id='word_1_368' title='bbox 648 4076 758 4143; x_wconf 85' lang='lat' dir='ltr'><strong>pudoris</strong></span> <span class='ocrx_word' id='word_1_369' title='bbox 776 4091 810 4127; x_wconf 91' lang='lat' dir='ltr'><strong>ne</strong></span> <span class='ocrx_word' id='word_1_370' title='bbox 835 4076 969 4125; x_wconf 87' lang='lat' dir='ltr'><strong>minimum</strong></span> <span class='ocrx_word' id='word_1_371' title='bbox 995 4072 1101 4141; x_wconf 87' lang='lat' dir='ltr'><strong>quidem</strong></span> <span class='ocrx_word' id='word_1_372' title='bbox 1122 4068 1203 4121; x_wconf 89' lang='lat' dir='ltr'><strong>animi</strong></span> <span class='ocrx_word' id='word_1_373' title='bbox 1221 4058 1403 4117; x_wconf 82' lang='lat' dir='ltr'><strong>conscientiae</strong></span> 
     </span>
    </p>
   </div>
   <div class='ocr_carea' id='block_1_4' title="bbox 300 4130 1403 4221">
    <p class='ocr_par' dir='ltr' id='par_1_4' title="bbox 300 4130 1403 4221">
     <span class='ocr_line' id='line_1_42' title="bbox 300 4130 1403 4221; baseline -0.018 -14"><span class='ocrx_word' id='word_1_374' title='bbox 300 4149 455 4221; x_wconf 63' lang='lat' dir='ltr'><strong>inpressum</strong></span> <span class='ocrx_word' id='word_1_375' title='bbox 472 4148 521 4207; x_wconf 79' lang='lat' dir='ltr'><strong>sed</strong></span> <span class='ocrx_word' id='word_1_376' title='bbox 538 4148 572 4205; x_wconf 86' lang='lat' dir='ltr'><strong>ad</strong></span> <span class='ocrx_word' id='word_1_377' title='bbox 588 4150 739 4207; x_wconf 83' lang='lat' dir='ltr'><strong>semineces</strong></span> <span class='ocrx_word' id='word_1_378' title='bbox 758 4149 863 4221; x_wconf 85' lang='lat' dir='ltr'><strong>iamque</strong></span> <span class='ocrx_word' id='word_1_379' title='bbox 881 4146 1043 4219; x_wconf 86' lang='lat' dir='ltr'><strong>palpitantes</strong></span> <span class='ocrx_word' id='word_1_380' title='bbox 1068 4157 1153 4217; x_wconf 80' lang='lat' dir='ltr'><strong>eques</strong></span> <span class='ocrx_word' id='word_1_381' title='bbox 1174 4136 1305 4207; x_wconf 69' lang='lat' dir='ltr'><strong>accedens</strong></span> <span class='ocrx_word' id='word_1_382' title='bbox 1324 4130 1403 4187; x_wconf 74' lang='lat' dir='ltr'><strong>etism</strong></span> 
     </span>
    </p>
   </div>
   <div class='ocr_carea' id='block_1_5' title="bbox 0 0 1543 4759">
    <p class='ocr_par' dir='ltr' id='par_1_5' title="bbox 0 0 1543 4759">
     <span class='ocr_line' id='line_1_43' title="bbox 0 0 1543 4759; baseline 0 0"><span class='ocrx_word' id='word_1_383' title='bbox 0 0 1543 4759; x_wconf 95' lang='lat' dir='ltr'><strong> </strong></span> 
     </span>
    </p>
   </div>
  </div>
 </body>
</html>
