3017 4759
207 261 429 331 nrsronnn
450 260 710 331 eruanrmnn
726 266 879 330 xxxvii.
900 243 1097 362 tet-lt,
1147 257 1221 337 tud.
1317 217 1320 222 ,

121 426 230 507 ἐξότου
259 430 416 511 βραχειας
447 426 564 511 ἐκείνης
598 428 630 504 ἐξ
661 425 777 511 ἀλόγου
815 427 917 511 φοράς
948 424 1005 491 καί
1033 427 1220 511 παραδόξου

121 528 220 613 τόχης
239 527 412 611 ἐδράξαντο
436 526 596 614 ἀφορμῆς,
614 530 670 612 τῆς
690 551 724 593 τε
749 524 881 611 δηλαδὴ,
896 530 959 592 τῶν
980 530 1069 592 δυοῖν
1086 526 1220 614 Ἀνδρο-

121 632 218 695 νίκων
238 631 301 692 τών
320 626 480 710 βασιλέων
503 628 707 706 διαστάσεως,
729 632 851 711 μᾶλλον
883 632 912 693 δ’
944 628 1142 707 άποστασιάς
1166 631 1222 694 end

122 728 195 796 νέου
216 729 297 814 πρός
316 726 370 793 τόν
395 730 509 792 οἰκεῖον
528 728 674 806 πάππον,
700 730 756 795 καί
785 724 828 794 αδ
848 733 902 815 τῆς
925 727 1084 817 δευτέρας,
1107 727 1146 813 ἣν
1169 753 1220 792 τε·

95 830 288 915 5θνηκότων
309 831 437 895 ἐκείνων
459 828 540 894 κατά
561 832 617 894 τοῦ
649 830 722 915 νέου
741 829 902 913 βασιλέως
921 831 976 895 καί
997 835 1052 916 τῆς
1073 833 1128 894 τοῦ
1147 827 1220 895 νέου

122 928 243 1017 μητρός
273 928 291 994 δ
323 928 588 1015 Καντακοοζηνός
606 934 785 1017 κεκίνηκεν,
807 935 1022 1009 παντοδαποῖς
1041 931 1097 996 καὶ
1117 931 1221 996 ποικί-

125 1038 192 1111 λοις
214 1030 318 1106 δόλοις
340 1032 479 1108 ἐκείνους
500 1033 559 1115 μὲν
579 1032 742 1119 πρότερον,
762 1033 894 1110 τοότους
910 1035 938 1097 δ’
959 1030 1100 1117 ὕστερον,
1121 1033 1221 1118 ἐπαγ-

40 1204 43 1207 ,
123 1134 243 1221 γελίαις
256 1158 289 1198 τε
313 1130 415 1199 ἄλλοτ’
439 1131 550 1210 άλλαις
569 1134 753 1219 περιιόντες,
777 1134 888 1199 ὁποῖαι
904 1134 959 1199 καί
983 1131 1134 1210 δσαιτοῖς
1154 1156 1221 1197 τοι-

125 1235 227 1309 οότοις
248 1232 402 1319 ἣρμοττον
427 1242 568 1321 καιροῖς,
589 1238 725 1318 βουλαῖς
746 1233 868 1320 δηλαδὴ
898 1234 953 1299 καί
970 1234 1136 1319 χρήμασιν
1159 1232 1221 1319 ulp-

78 1350 115 1403 10
126 1336 317 1420 θονωτέροις
338 1336 394 1401 καί
416 1337 617 1419 συμμαχίαις
635 1334 814 1413 δπλιπκαῖς
836 1338 892 1401 καί
910 1336 1063 1413 τοιούτοις
1081 1334 1120 1419 δή
1140 1355 1223 1400 τισιν

127 1440 186 1525 (ἑώ
206 1434 268 1522 γάρ
291 1436 391 1521 λέγειν
415 1437 470 1501 καί
503 1436 571 1512 ολάς
594 1438 655 1517 γἐπὶ
675 1436 797 1512 τούτοις
817 1437 996 1520 λεληθότως
1026 1438 1125 1519 δῆθεν
1144 1433 1223 1499 δαέ-

127 1536 242 1625 φαινον
263 1532 319 1613 τάς
343 1534 476 1612 ἀπειλάς
503 1541 578 1600 καθ’
613 1528 697 1620 ώνὴ
729 1533 833 1600 πειθώ
852 1537 966 1620 χώραν
986 1536 1083 1601 ἐνίοτε
1106 1532 1228 1623 ρήιδίαν

126 1638 185 1719 οόχ
210 1634 363 1725 εὕρισκε),
387 1638 442 1701 κατ’
464 1638 520 1701 νῦν
552 1638 612 1721 μέν
630 1636 756 1723 θατέρῳ
788 1636 1035 1723 προστιθέμενοι
1052 1637 1145 1721 μέρει
1168 1637 1224 1701 καί
1312 1690 1316 1697 .

125 1738 207 1824 πρός
228 1738 364 1822 θάτερον
388 1732 485 1815 αὖθις
512 1738 790 1821 ταλαντευόμενοδ,
810 1739 866 1803 καί
897 1738 947 1803 det
975 1738 1112 1823 θάτερον
1133 1735 1224 1821 παρὰ

44 1827 49 1834 ⁴
79 1852 115 1905 15
127 1840 262 1924 θάτερον
283 1835 460 1921 άμοιβαδὸν
493 1840 726 1916 ἔξαπατώντες,
747 1841 815 1914 πώς
841 1840 902 1921 μὲν
923 1831 1024 1902 ἓκοντδ
1045 1839 1112 1914 πώς
1135 1841 1163 1903 δ’
1186 1836 1223 1900 ori

124 1943 212 2024 μάλα
234 1932 344 2016 ἑκοντί,
366 1940 421 2022 τῆς
441 1942 497 2003 τοῦ
515 1942 630 2023 καιροῦ
651 1939 868 2025 περιστάσεως
891 1939 1002 2025 πόρρω
1024 1939 1081 2004 τοῦ
1101 1937 1224 2013 δέοντος

126 2039 317 2125 ἐλαυνοόσης
350 2041 404 2105 τὸν
424 2039 543 2125 δρόμον
574 2043 636 2105 τών
659 2040 835 2125 ἀνηκόντων
866 2040 967 2126 λόγων
989 2040 1045 2105 καί
1066 2038 1223 2124 πράξεων,

127 2140 244 2207 ἔλαθον
265 2139 338 2217 τούς
365 2143 500 2217 οἰκείους
533 2140 629 2227 ὅρους
651 2143 684 2206 ἐκ
708 2144 791 2206 πάνυ
814 2166 845 2205 τι
872 2141 1015 2217 εὖτελοῦς
1034 2164 1068 2205 τε
1085 2141 1142 2205 καί
1159 2162 1224 2220 χαα

106 2238 109 2243 ’
126 2240 285 2326 μαιζήλου
319 2243 472 2328 περιοχῆς
502 2240 690 2318 ἐκτείναντές
709 2265 742 2306 τε
770 2244 825 2307 κατ’
854 2240 1076 2326 ὀχυρώσαντες
1099 2241 1224 2324 πρώτον

81 2344 185 2425 νδμὲν
218 2343 355 2419 ξυλίνοις
382 2342 448 2407 τισδ
478 2347 621 2427 θρηοιοῖς
652 2344 716 2418 nai:
744 2344 882 2430 τάφροις
907 2343 1078 2427 βαθείαις,
1115 2339 1224 2406 ἔπειτα

126 2443 263 2523 τείχεσιν
284 2440 420 2528 δψηλοῖς
440 2466 473 2507 τε
493 2443 549 2507 καί
571 2442 703 2529 ὀχυροῖς
731 2444 787 2509 καδ
816 2432 1131 2528 δυσαντάγωνίστοις.
1173 2442 1291 2505 s‘v-en

127 2546 238 2607 τεῦθεν
261 2542 440 2628 ὁρμώμενοι
467 2541 539 2619 τούς
573 2546 628 2627 τῆς
660 2544 777 2622 οἰκείας
801 2544 991 2629 ξπλεονεξιάς
1018 2541 1115 2628 όρους
1145 2538 1226 2605 κατά

125 2641 240 2728 χώραν
258 2646 370 2727 [μένειν
402 2644 457 2707 ἐάν
492 2643 620 2731 οὐδαμῇ
640 2668 676 2730 με
710 2643 904 2731 ἐγνώκεσαν,
942 2643 1010 2709 ἀλλ’
1032 2644 1084 2729 ἐφ’
1106 2635 1243 2739 ἑτέροιςΧ

127 2951 254 3005 tenebant
271 2952 335 3004 indo
355 2950 387 3003 ab
407 2966 439 3003 eo
458 2958 579 3018 tempore
610 2967 662 3021 quo
682 2953 797 3021 exiguae
815 2952 889 3005 illius
915 2968 949 3005 ex
968 2952 1081 3005 absurde
1100 2961 1224 3006 musnet

127 3023 265 3090 inopinato
284 3038 347 3073 casu
367 3030 476 3074 exortus
489 3024 589 3089 primae
600 3024 740 3076 discordas
761 3032 789 3076 et
803 3023 981 3076 contentionis
993 3028 1110 3091 'apertae
1128 3039 1222 3091 regum

128 3093 262 3146 amborum
280 3094 491 3147 Andronicorum
513 3102 613 3161 partem
634 3096 762 3159 fecerant,
782 3096 826 3147 vel
847 3096 934 3163 potius
953 3093 1111 3146 rebellionis
1130 3095 1223 3145 iunio.

127 3168 165 3219 ris
184 3172 277 3221 eontra
295 3165 380 3231 ipsum
399 3180 492 3228 avum,
521 3174 548 3217 et
566 3182 657 3217 rursus
682 3166 794 3233 alterins
819 3182 896 3235 quern
918 3166 1027 3218 mortuis
1056 3164 1111 3217 illis
1130 3173 1224 3217 contra

130 3239 253 3288 iuvenum
272 3252 363 3304 regern
383 3243 409 3287 sl
428 3236 533 3287 iuvenis
551 3245 659 3289 matrem
679 3238 881 3291 cantoenneuus
899 3246 1028 3301 moverat,
1050 3237 1131 3289 variis
1150 3235 1224 3287 mul.

126 3309 160 3361 tis
180 3315 206 3358 et
224 3308 341 3359 versutis
359 3308 460 3359 artibus
481 3307 543 3359 illos
564 3310 646 3374 prius,
667 3308 716 3360 hos
738 3317 845 3376 postea,
867 3318 894 3362 et
913 3308 1132 3376 promissionibus
1150 3307 1223 3359 mul.

126 3382 160 3433 tis
180 3380 399 3443 circumiverunt,
420 3377 513 3447 quoles
548 3387 574 3430 et
602 3387 716 3447 quantae
742 3380 905 3448 temporibus
932 3379 988 3431 illis
1016 3379 1222 3444 conveniebant,

127 3450 235 3503 scilieet
254 3449 374 3501 consiliis
397 3458 423 3501 et
442 3450 563 3516 pecuniis
582 3459 622 3502 sat
641 3452 743 3521 magnis
768 3459 795 3518 et
820 3452 915 3518 opibus
933 3451 1093 3504 militaribus
1114 3459 1141 3502 et
1161 3450 1222 3502 aliis

127 3521 295 3574 huiusmodi:
314 3521 389 3571 mitto
412 3522 482 3571 enim
501 3521 590 3574 dicere
609 3531 719 3591 quantus
731 3524 758 3574 in
779 3522 820 3575 bis
831 3523 897 3575 clam
912 3524 994 3576 minas
1005 3525 1120 3575 iecerint
1130 3527 1224 3573 eontra

127 3608 191 3661 quas
203 3592 338 3659 persuasis
350 3591 479 3644 interdum
490 3592 556 3644 nihil
569 3594 686 3659 valebat,
705 3603 731 3646 et
749 3610 814 3663 quas
830 3610 901 3647 nunc
920 3595 999 3647 elteri
1017 3594 1085 3661 parti
1104 3592 1223 3643 inferre.

127 3664 198 3727 bant,
217 3678 288 3714 nunc
302 3663 335 3713 ad
357 3661 465 3713 alterum
482 3664 672 3729 devolvebant,
693 3674 719 3717 et
738 3667 870 3733 quomodo
890 3666 1017 3717 continno
1037 3664 1147 3715 alteram
1163 3669 1224 3728 post

130 3734 240 3786 alteram
259 3734 435 3799 decipientes,
457 3736 534 3787 modo
553 3736 587 3788 iis
598 3752 652 3789 non
670 3738 764 3789 invitis
782 3738 861 3789 modo
879 3737 982 3800 invitis,
1001 3750 1082 3804 quum
1095 3734 1224 3801 temporis

129 3806 246 3857 rationes
275 3804 357 3855 verba
382 3804 574 3858 ultramodum
604 3808 715 3861 eudocia
742 3817 770 3860 et
797 3809 867 3860 facta
887 3808 1078 3870 admitterent,
1096 3805 1225 3874 paulatim

127 3877 305 3944 possessionis
337 3892 401 3927 suae
429 3878 556 3929 terminos
584 3894 618 3931 ex
642 3888 755 3947 angusto
782 3888 809 3930 et
835 3879 933 3946 exiguo
955 3878 1054 3929 ambitu
1093 3868 1224 3929 extende.

127 3948 180 3999 rint
199 3953 226 3997 et
243 3947 420 4011 muniverint,
447 3949 557 4013 primum
577 3950 682 4017 quidem
699 3949 800 4018 ligneis
819 3951 901 4016 septis
927 3957 954 4000 et
980 3948 1058 4001 fossis
1076 3948 1224 4015 profundis,

128 4017 223 4069 deinde
248 4032 314 4069 vero
339 4020 420 4071 muris
439 4019 500 4071 ultis
527 4028 553 4071 et
571 4021 652 4072 firmis
678 4029 704 4073 et
730 4022 777 4073 rix
807 4019 1038 4088 expugnabilibus.
1075 4020 1103 4070 in
1123 4018 1164 4069 his
1183 4018 1225 4069 iu.

129 4097 197 4141 ctum
228 4095 269 4140 est
294 4096 324 4140 ut
357 4090 445 4155 cupidi
477 4092 655 4158 possessionis
684 4090 897 4159 templificandae
923 4093 1051 4144 terminos
1078 4089 1111 4141 ad
1138 4089 1226 4141 modi-

129 4176 187 4235 cum
201 4160 339 4237 ⁴umbitnm
359 4162 523 4217 constituere
543 4177 598 4215 non
616 4164 668 4216 iarn
688 4164 716 4221 in
735 4164 823 4216 animo
846 4162 991 4229 haberent,
1019 4160 1066 4216 sod
1091 4158 1144 4213 ulia
1166 4166 1226 4229 pest
