3017 4759
325 232 403 317 toi
468 241 489 250 ··
624 235 859 312 'menonem
887 237 1119 314 noeoeane

270 392 277 416 Ι
326 409 362 476 nd
384 409 466 474 πάνυ
489 433 519 472 τι
539 407 714 494 κράτιστον,
735 403 780 482 ώς
800 406 922 480 ἕντοῖς
945 403 1061 489 ἀρχαῖς
1081 404 1145 466 τών
1164 397 1350 485 ἡμετέρων
1372 401 1455 463 τών-

330 515 365 576 δε
384 511 486 596 λδγων
506 506 584 594 ἡμῖν
610 506 651 572 τὰ
680 508 756 594 περὶ
783 506 879 570 αὐτοῦ
905 504 1100 591 πλατύτερον
1128 501 1278 588 εἴρηται,
1318 500 1454 564 πάντων

327 614 468 696 μάλιστα
500 617 645 676 πλεῖστον
679 605 917 694 ἀντεισενεγκών
945 604 1028 693 άπὲρ
1049 605 1226 691 ρεάσεβείας
1254 602 1319 668 τάν
1346 605 1453 686 ζῆλοι,

327 711 382 778 καὶ
415 712 600 796 ἀντιστάσας
633 721 700 789 τοῖς
721 712 791 778 τότε
823 708 905 776 κατὰ
930 712 994 775 τών
1015 709 1113 774 θείων
1146 705 1283 800 εἰκόνων
1310 711 1451 787 μανεῖσι

328 814 504 899 τυράννοις,
528 811 585 899 ἀφ’
609 805 653 879 ὧν
674 813 729 878 καί
748 811 785 879 τὸ
807 812 980 898 πρόσωπον
999 811 1183 896 γέγραπταί
1191 832 1226 872 τε
1250 807 1316 871 καί
1342 805 1468 870 ἔσται-5

327 940 382 980 ται
411 914 542 997 κοίτην
563 916 747 998 ἐπωνυμίαν
761 916 792 978 Γ
793 919 912 999 ραπτὸς
934 914 1057 976 ἐκεῖθεν
1071 909 1202 994 κληθείς
1222 907 1448 993 ἀπηνέγκατο,

287 1065 289 1076 ,
328 1014 493 1090 πλείσταις
514 1016 573 1098 μὲν
592 1016 648 1080 καί
669 1013 781 1091 ἀλλοις
802 1014 904 1100 ἱεραῖς
932 1011 1031 1076 αὐτοῦ
1049 1011 1173 1093 βίβλοις
1195 1009 1255 1093 τὴν
1277 1011 1348 1072 τοῦ
1374 1009 1449 1071 θεοῖ·

232 1197 237 1206 Ι
328 1114 496 1199 ἐκκλησίαν
514 1115 707 1199 κεκόσμηκε,
738 1115 878 1198 μάλιστα
900 1116 929 1178 δ’
952 1104 1004 1185 αἷς
1022 1109 1104 1174 κατὰ
1116 1113 1187 1174 ’τών
1210 1108 1447 1190 εἰκονομάχων

306 1201 469 1294 Edicto,
497 1222 566 1292 τοῖς·
584 1215 830 1301 συγγράμμασιν
857 1211 1055 1298 ἐντυγχάνων
1078 1213 1134 1275 τοῦ
1160 1211 1231 1277 τότε
1260 1208 1308 1274 τά
1332 1213 1446 1294 πρώτα

329 1316 480 1407 φέροντος
509 1318 543 1381 ἐν
571 1318 675 1401 λάγοις
707 1315 843 1398 ἀσεβοῦς
868 1312 1040 1395 Εὖσεβίου·
1096 1314 1130 1376 ἐν
1157 1305 1210 1388 αἷς
1232 1312 1280 1376 τά
1296 1335 1341 1375 τε
1365 1306 1469 1374 diluti

262 1419 384 1492 ιεκαί
397 1419 473 1484 τάδε
490 1420 630 1497 διέξεισι.
671 1416 958 1498 κατακομψεάεται,
981 1413 1091 1500 φησίν,
1112 1413 1274 1495 Εὐσέβιος
1294 1413 1362 1476 ἐπὶ
1380 1412 1443 1498 φῶς

207 1516 467 1606 λλλλιάρρητον
489 1519 544 1585 καί
567 1517 788 1602 ἀνεκδιὴγητον
809 1516 865 1580 καί
884 1518 930 1601 rogi
949 1517 1018 1600 θεῷ
1049 1513 1130 1600 λόγῳ
1153 1513 1282 1600 πρέπον
1304 1512 1372 1596 την
1393 1515 1443 1576 τοῦ

330 1621 443 1688 dodino
466 1621 728 1706 μεταβεβλῆσθαι
743 1598 874 1703 μοβφίμ
893 1618 926 1680 ἐν
939 1618 985 1703 opi
1006 1613 1087 1703 δρει,
1110 1618 1178 1703 φώς
1198 1611 1285 1698 ὅπερ
1307 1613 1439 1700 ὀφθαλ-

327 1721 388 1808 μδς
412 1720 467 1787 οὐκ
491 1715 555 1785 εἶδε
576 1719 631 1784 καί
650 1713 705 1794 ode
727 1717 783 1782 οάκ
803 1714 921 1801 ἤκουσε
941 1715 997 1780 καί
1019 1716 1074 1781 ἐπί
1092 1717 1230 1801 καρδίαν
1255 1715 1438 1800 ἀνθρώπου

328 1824 385 1889 οὐκ
407 1824 513 1907 ἀνέβη.
567 1822 623 1886 καί
652 1819 671 1885 δ
692 1822 751 1902 μὲν
782 1817 940 1900 Εάσεβίου
970 1817 1061 1902 λόγος
1093 1818 1233 1906 τοιοῦτος
1257 1815 1321 1880 καί
1344 1814 1462 1889 odoro

328 1923 432 2006 ἔχων,
465 1923 521 1987 καί
553 1919 588 1986 τὸ
624 1925 688 1986 πᾶν
711 1920 798 2007 αὐτῷ
821 1920 961 1984 ἐνταῦθα
997 1920 1056 2002 τῆς
1074 1917 1224 2000 ἀσεβείας
1245 1917 1436 2002 ἐξήρτηται·

329 2023 404 2092 ὅποι
423 2026 451 2089 δ’
474 2021 561 2108 αάτρῖ
596 2020 689 2107 φέρει
721 2018 762 2085 τά
782 2023 838 2104 τῆς
866 2021 976 2103 καινῆς
1004 2020 1119 2102 ταάτης
1141 2019 1370 2092 διδασκαλίας
1389 2015 1437 2078 καί

327 2127 383 2190 τοῦ
399 2125 564 2210 δόγματος,
582 2119 625 2197 οἷς
644 2121 692 2187 ἔνι
709 2120 862 2204 μάλιστα,
883 2118 1122 2204 συντομώτερον
1140 2116 1366 2200 σκεψώμεθα,
1388 2117 1436 2180 καί

329 2224 438 2302 δποῖος
462 2222 501 2308 δὴ
522 2223 577 2289 udo*
598 2221 683 2298 ὅστις
716 2219 734 2287 ὅ
756 2227 811 2306 τῆς
831 2220 1008 2304 μεταβολῆς
1039 2221 1166 2304 τρόπος,
1187 2217 1436 2299 ἐπισκέψασθαι

327 2324 570 2412 πειρασώμεθα.
613 2326 677 2388 πάν
697 2321 731 2387 τδ
755 2321 1031 2406 μεταβαλλόμενον
1060 2319 1081 2406 ἢ
1106 2327 1174 2384 κατ’
1198 2318 1321 2411 οὖσίαγ
1342 2342 1461 2402 μετα-υ

328 2427 489 2510 βάλλεται,
513 2421 532 2488 δ
554 2423 593 2508 δὴ
614 2425 689 2510 περί
707 2426 830 2511 γένεσιν
857 2423 912 2487 καί
938 2421 1068 2510 φθοράν
1100 2426 1290 2506 θεωρεῖται,
1314 2415 1339 2504 ἢ
1362 2421 1435 2483 κατά

327 2529 439 2592 τιτῶν
458 2527 491 2589 ἐν
512 2525 610 2612 αὐτῷ,
630 2526 686 2590 καί
706 2527 797 2588 τοῦτο
819 2526 932 2604 διχῶς·
981 2521 1002 2605 ἢ
1022 2521 1084 2609 γάρ
1107 2519 1187 2587 κατά
1208 2518 1315 2586 ποσδν
1338 2545 1432 2600 μετα-

328 2627 498 2710 βάλλεται,
519 2625 602 2690 καθδ
631 2624 652 2710 ἦ
675 2623 809 2711 αὔξησις
830 2628 884 2690 καί
915 2623 1090 2709 ἦμείωσις
1113 2626 1288 2700 δείκνυται,
1312 2619 1337 2706 ἢ
1359 2619 1432 2686 κατὰ

329 2878 368 2934 cia
386 2877 575 2932 certaminibus
593 2878 706 2932 atudium
726 2879 852 2944 ostendit,
870 2885 900 2931 nt
917 2880 945 2931 in
963 2877 1105 2946 principiis
1121 2876 1215 2928 horum
1233 2874 1372 2928 librorum
1392 2877 1429 2928 in.

329 2952 384 3005 aina
406 2951 440 3004 dc
459 2966 491 3003 co
510 2950 588 3003 nebia
607 2951 705 3002 dictum
727 2958 783 3015 eet,
807 2953 923 3003 omnium
945 2942 1106 3002 ‘acerrimum
1134 2955 1245 3016 propter
1270 2948 1429 3017 religionen

328 3023 442 3076 animum
463 3023 584 3074 exhibuit
604 3030 630 3072 et
647 3022 768 3088 tyrannia
788 3021 838 3074 illo
855 3031 977 3088 tempore
995 3021 1029 3072 de
1047 3022 1131 3073 oacrio
1151 3019 1318 3088 imaginibua
1341 3021 1428 3072 luren-

291 3147 293 3155 ,
327 3095 398 3146 tibur
418 3095 552 3163 opposuit,
569 3109 585 3145 a
605 3093 701 3161 quibua
720 3093 804 3144 facien
824 3095 882 3145 eiua
899 3095 1033 3160 deeoriptu
1053 3100 1095 3143 eet
1113 3099 1141 3143 et
1157 3092 1274 3158 depicta,
1295 3093 1370 3144 unde
1385 3094 1428 3143 de-

326 3167 420 3232 scripti
445 3181 542 3217 nornen
571 3164 648 3228 tulit;
676 3180 755 3233 quum
780 3163 902 3232 plurimis
920 3163 982 3215 aliia
1008 3164 1085 3215 librio
1111 3164 1156 3214 dei
1181 3161 1326 3213 eccleciam
1354 3177 1427 3214 exor-

327 3238 412 3300 navit,
433 3244 487 3287 tum
510 3236 696 3299 cismarinae,
716 3250 784 3303 quoa
803 3237 836 3287 de
853 3235 1035 3288 iconomachis
1060 3235 1156 3297 edidit;
1181 3235 1209 3284 in
1228 3233 1373 3285 dictoriam
1389 3235 1427 3284 in.

328 3307 421 3358 cidem
442 3307 516 3358 illiue
542 3308 615 3373 impii
641 3307 767 3371 Eusene,
793 3308 838 3375 qui
862 3309 892 3359 in
920 3306 970 3358 hac
1004 3323 1035 3358 re
1059 3307 1170 3373 primum
1189 3305 1307 3356 obtinuit
1332 3304 1426 3366 locum,

328 3385 436 3446 praeter
456 3377 510 3428 alia
528 3377 596 3430 haec
617 3379 738 3430 disserite
763 3380 833 3446 quod
859 3378 946 3430 lucem
965 3378 1099 3430 infandam
1119 3385 1146 3428 et
1164 3375 1387 3443 incuplioabilenr
1404 3383 1426 3426 et

327 3451 379 3502 deo
401 3450 485 3501 verbo
513 3449 645 3500 dicentem
674 3451 770 3501 attinet
787 3449 924 3502 illudendo
950 3450 1052 3517 profert
1073 3449 1206 3502 Euacbiua
1223 3449 1300 3500 dervi
1321 3448 1425 3502 forman

329 3529 500 3590 permutatam
530 3534 589 3572 ense
609 3521 636 3570 iu
655 3528 764 3585 monte,
795 3520 882 3573 lucem
907 3537 984 3590 quam
1007 3521 1098 3574 nullae
1125 3522 1220 3572 oculus
1244 3520 1331 3585 vidit,
1358 3520 1425 3572 nulla

329 3593 403 3644 auria
420 3593 542 3660 percepit
564 3599 590 3643 et
610 3593 724 3658 quaein
741 3591 844 3644 uulliua
863 3593 978 3644 hominia
996 3601 1090 3660 pectus
1109 3594 1193 3646 venit.
1230 3590 1300 3642 haec
1321 3591 1424 3644 Enoeiii

330 3664 431 3730 verba,
451 3664 547 3733 quibua
567 3671 648 3714 totam
667 3662 791 3714 haeresin
812 3666 969 3732 compoault.
1006 3679 1059 3731 quo
1078 3678 1144 3716 vcro
1161 3663 1204 3714 illi
1222 3663 1293 3714 haec
1311 3663 1424 3714 doetriu

331 3744 358 3788 et
375 3737 471 3805 dogma
489 3736 588 3798 flectat,
607 3746 683 3803 quem
698 3736 816 3785 maxime
835 3737 928 3802 paucio
948 3736 1085 3788 videamur
1106 3743 1133 3786 et
1150 3749 1219 3802 quae
1236 3733 1380 3802 qualiaque
1395 3736 1424 3788 rit

332 3807 534 3874 permutationis
553 3807 621 3858 ratio
641 3793 790 3874 (Requirere
810 3822 944 3857 conemur.
991 3821 1069 3858 omuc
1096 3807 1166 3874 quod
1194 3813 1362 3872 permutatur
1386 3813 1424 3858 ant

330 3877 512 3930 eraentialiter
530 3885 701 3944 permutatur,
722 3878 748 3929 id
767 3879 837 3946 qnod
855 3886 958 3944 spectat
974 3879 1009 3930 ed
1029 3886 1114 3929 ortum
1134 3886 1160 3930 et
1173 3887 1423 3945 occanumautper-

328 3948 493 4012 ticuloriter‚·
510 3964 579 4016 quae
597 3951 666 4000 ratio
687 3947 786 4016 duplex
804 3957 857 4000 eat:
877 3957 923 4001 aut
945 3950 1013 4001 euim
1024 3949 1057 4000 ad
1071 3951 1244 4017 quantitatem
1256 3958 1421 4016 permutatur,

327 4028 358 4072 ut
378 4022 466 4072 auctio
488 4029 515 4071 ct
534 4019 679 4072 deminutio
701 4028 746 4071 eut
758 4021 798 4072 ,τά
817 4017 981 4091 qualitatem,
1001 4037 1104 4089 exque
1123 4021 1420 4088 consequiturrariatio.

248 4153 257 4162 Ι
327 4093 352 4145 oi
371 4093 452 4159 igitur
470 4092 503 4143 ad
521 4089 675 4158 qualitatem
688 4100 836 4159 permutata
855 4101 905 4158 eat,
924 4093 1036 4146 adducta
1056 4100 1097 4146 ent
1113 4092 1146 4144 ad
1156 4094 1341 4158 variationem,
1360 4106 1420 4160 qnae

330 4170 372 4218 eat
387 4163 585 4234 transfiguratio
605 4163 767 4218 characterio
785 4163 900 4219 alicuine
919 4173 966 4218 ant
983 4165 1011 4218 in
1039 4180 1070 4218 rc
1088 4165 1209 4221 coniectu
1226 4167 1337 4220 mutatio
1354 4166 1420 4218 linita
