3017 4759
335 260 408 335 ooo
629 243 855 333 rncnrn'onr
884 257 1116 329 conconln

332 434 485 517 τεθνηκὸς
507 428 563 496 οῦκ
584 428 737 495 ἕσάλευσε
759 430 822 493 τῶν
843 424 941 491 αῦιυῦ
954 427 1080 513 φρενοῦν
1095 421 1157 503 τὰς
1182 425 1386 511 κρηπῖδας,
1407 423 1456 491 οῦδ

336 530 481 616 ἄθυμίαν
504 532 673 617 ἀνήκεστον
696 527 855 611 εῦθυμίας
880 527 1083 605 ἀλλάξασθαι
1107 528 1344 612 πρυσιιαιρυα
1370 527 1455 611 πυρί

334 656 457 697 πεισεν·
502 632 570 697 ἀλλ’
593 631 800 712 αὐτοσχέδιον
827 628 1018 713 ξενηλασίαν
1038 627 1342 713 μηχανησάμενος
1367 628 1454 713 αι’·δη

333 732 432 818 μερὸν
453 732 655 818 θρηνούντων
684 732 751 815 ἅμα
780 730 837 794 καὶ
866 730 1074 814 θρηνυυσιῦν,
1104 729 1162 794 ἐπί
1200 732 1270 814 τῆς
1302 729 1454 815 προτέρας

235 908 239 915 ,
335 828 431 910 αὖθις
452 833 625 918 κατέστησε
646 831 811 917 θυμηδιάς
826 829 868 896 τὰ
889 830 1071 915 πράγματα,
1093 830 1152 893 καί
1173 830 1462 914 προσκαλεσάμοέ

329 960 388 1013 νος
410 933 490 1019 μετὰ
509 936 617 1060 τρίτην
638 936 762 999 ἐκεῖθεν
784 932 909 1018 ἡμέραν
926 928 981 995 τδν
1000 930 1072 995 νεόν
1090 933 1279 1016 μνηστῆρα
1302 930 1368 995 τδν
1385 932 1450 1055 βάρ

335 1043 438 1124 βαρον
458 1036 540 1101 κατά
558 1063 590 1101 τι
595 1040 781 1163 κρατῆσαν
812 1036 923 1111 ἔθυς’
908 1059 943 1099 ειι
962 1037 1119 1112 παλαιοῦ,
1141 1031 1205 1120 τήν
1225 1036 1447 1121 μνηστειομί-

336 1162 392 1223 νην
420 1136 538 1215 ἔδειξεν
565 1136 653 1223 αι’τηῦ
686 1138 784 1222 κόρην
816 1135 897 1222 πρὸς
928 1131 1114 1199 δέκατυν”
1092 1160 1166 1221 αρτι
1200 1138 1446 1221 προβαίνουσιν

217 1238 414 1315 ιίέτος.
455 1238 623 1304 τούτωνδ’
646 1235 727 1301 οῦτω
754 1237 965 1363 διῳκημένων,
988 1233 1213 1321 ἕπειδήτήν
1194 1263 1233 1313 ες
1255 1236 1324 1301 τόν
1345 1236 1464 1304 Ἀστι

333 1337 427 1425 κηνὸν
448 1337 572 1403 κόλπον
596 1335 622 1401 δ’
641 1335 793 1421 βασιλεῦς
826 1337 957 1422 ἀκήκοε
973 1336 1156 1401 κάθοδυν’
1140 1360 1176 1401 εκ
1210 1336 1376 1412 Νικαίας
1405 1340 1453 1401 τοῦ

328 1439 490 1527 Ὑρκανοῦ,
512 1438 698 1518 ἐξέπλευσα
729 1436 826 1513 εὐθὺς
861 1436 920 1501 σίν
941 1461 978 1521 γε
1011 1439 1058 1523 τῷ
1077 1438 1134 1501 τοῦ
1152 1436 1331 1522 Υρκανοῦ
1359 1440 1441 1512 noodr,

333 1542 388 1606 καί
406 1532 463 1625 ἧκε
489 1542 673 1627 δευτεραῖος
701 1540 805 1603 ἒκεῖσε
831 1539 888 1603 καί
920 1530 1027 1615 οῦτυς,
1059 1536 1243 1614 α’πυδιδοδς
1276 1541 1335 1624 τρῖ
1362 1563 1439 1619 noto

332 1640 386 1708 τὸν
408 1643 508 1706 παῖδα
530 1642 586 1706 καί
608 1639 675 1723 ἅμα
699 1640 796 1717 άξιιῦν
818 1638 859 1704 τὰ
879 1639 1025 1722 σίμβυλα
1043 1642 1099 1722 τῆς
1120 1640 1293 1723 διαδοχῆς
1317 1642 1379 1723 τῆς
1396 1642 1438 1700 τῦι

331 1744 484 1808 Βιθυνῶν
508 1743 611 1827 ἀρχῆς
629 1739 766 1825 τήμερον
792 1740 879 1826 αῦτηῖ
900 1740 1103 1824 ἐγχειρίσαι·
1158 1742 1300 1804 δίκαιον
1323 1739 1388 1825 γάρ
1408 1731 1439 1798 6-
1464 1771 1465 1792 ι

331 1868 385 1909 ναι
406 1844 461 1907 καί
492 1840 535 1919 ὥς
570 1846 633 1907 τιῦν
663 1838 767 1907 ἄλλων
797 1844 923 1905 παίδων
954 1844 1076 1923 μᾶλλον
1107 1839 1196 1927 αὐτῷ
1227 1840 1456 1925 ἅμαπωμένρ,[

332 1944 388 2008 καί
406 1942 456 2019 οἷς
469 1946 627 2028 μνηστῆρι
647 1947 703 2027 τῆς
720 1941 881 2025 βασιλέως
906 1941 1083 2026 θυγατρός,
1116 1932 1174 2005 iai
1207 1939 1256 2017 οἷς
1294 1942 1379 2027 ἀξίῳ
1398 1944 1439 2021 τῆς

336 2045 438 2131 ἀρχῆς
462 2042 519 2108 διά
536 2067 570 2109 τε
593 2043 628 2108 τὸ
651 2045 798 2129 ἀνδρεῖον
817 2046 873 2126 τής
891 2043 1017 2127 γνώμης
1029 2044 1086 2108 καί
1103 2040 1282 2128 ῥωμαλέον
1305 2045 1370 2108 τοῦ
1389 2042 1438 2105 σά

333 2169 435 2231 ματος
455 2145 510 2211 καί
532 2145 612 2233 πρός
632 2170 667 2232 γε
697 2144 732 2210 τδ
763 2149 819 2229 τῆς
849 2145 1036 2230 φρονήσεως
1059 2142 1243 2229 δραστικδν.
1291 2146 1392 2207 τοῦτο
1410 2140 1438 2212 διῘ

334 2242 391 2313 οῦν
412 2248 468 2312 καί
481 2249 582 2313 πάλαι
601 2246 825 2339 βεβουλημένον
839 2270 873 2310 τι
887 2246 943 2309 καί
956 2245 1197 2331 βεβουλευμένοι
1221 2248 1275 2330 τιῦ
1295 2242 1438 2329 Ὑριιανυῖ1

333 2348 403 2413 ἐπεί
423 2348 479 2413 καὶ
499 2346 553 2414 viv
572 2373 627 2413 του
613 2348 809 2429 βασιλέως
828 2344 1041 2429 σιμπέπτωκε
1058 2344 1139 2421 τέως
1159 2342 1351 2428 ἐρεθισμδν
1373 2366 1437 2407 σιν·
1442 2361 1468 2462 εη

334 2448 426 2534 εργδν
455 2450 496 2536 τῇ
524 2450 644 2514 ἐκείνου
665 2448 764 2533 ταίτη
797 2447 951 2540 βουλήσει
978 2446 1149 2533 γενέσθαι,
1184 2443 1296 2533 ρηῖστα
1337 2435 1467 2509 λοατὸν

264 2562 319 2615 u
333 2549 388 2614 καί
407 2548 449 2614 τὰ
468 2552 525 2633 τῆς
547 2550 701 2634 αἰτήσεως
722 2552 914 2634 πεπρᾶχθαι
937 2547 1053 2625 ἔδοξεν.
1096 2545 1175 2611 ὅθεν
1197 2546 1258 2609 καὶ
1279 2570 1435 2631 πραττο-

331 2652 393 2714 τιῦν
415 2652 605 2731 Βυζαντίων
629 2652 747 2729 συχνοί
762 2673 859 2727 τινες,
895 2649 950 2713 καί
974 2648 1041 2731 ἅμα
1068 2650 1131 2711 τῶν
1153 2645 1295 2731 εῦγενιῦν
1320 2646 1436 2728 ἄνδρων

333 2748 389 2812 οὐκ
412 2748 523 2835 ὀλίγοι,
543 2756 609 2825 τοῖς
635 2750 812 2837 βαρβάρων
837 2751 953 2833 ἀναμίξ
974 2747 1182 2835 στρατιώταις
1211 2745 1272 2811 τὸν
1294 2749 1359 2811 τοῦ
1373 2744 1433 2829 Ὑρ-

200 2844 316 2903 22541·
330 2850 429 2913 κανοῦ
443 2849 666 2935 ’προῦπεμψαν
679 2853 791 2926 παῖδα,
808 2851 866 2915 σῦν
877 2874 912 2936 με
928 2850 1103 2933 κυμβάλοις
1115 2847 1172 2913 καί
1189 2848 1377 2931 τυμπάνοις
1387 2842 1456 2920 κοίη·

332 3159 357 3211 ei
380 3158 528 3225 peranaait,
558 3164 588 3209 nt
615 3158 748 3211 tristitiam
770 3172 830 3210 cnm
855 3156 991 3210 hilaritate
1008 3163 1196 3221 commutarat,
1226 3156 1361 3209 rodoino
1380 3166 1429 3210 arta

330 3229 377 3281 nbi
396 3229 516 3313 hospitor
535 3228 638 3294 depolit
657 3246 735 3297 quum
756 3231 879 3314 quotidie
895 3236 923 3280 ct
941 3230 993 3282 viri
1013 3236 1040 3279 et
1058 3227 1184 3281 muliorca
1213 3227 1429 3292 lamentarentur,

331 3300 416 3367 priori
434 3296 563 3349 hilaritati
592 3301 748 3352 retradidit
773 3302 899 3352 attentio
918 3301 962 3352 dio
982 3314 1082 3367 aponao
1102 3300 1196 3351 inveni
1224 3299 1344 3351 barbaro
1362 3316 1428 3352 nore

332 3369 444 3438 quodam
471 3369 581 3437 antiqno
607 3385 730 3437 aponaanr
750 3373 866 3425 ostendit
888 3369 1005 3438 puellam
1029 3369 1199 3423 decentiora
1222 3383 1310 3423 annot
1337 3380 1428 3423 natan.

332 3455 402 3509 quac
420 3454 500 3508 quum
527 3454 560 3490 co
592 3450 682 3493 carent
702 3443 811 3506 adnoto,
830 3458 896 3505 rex,
923 3441 1014 3494 audito
1032 3442 1149 3507 Hyrcani
1167 3442 1270 3493 llicaca
1298 3442 1330 3493 in
1348 3444 1428 3495 aim

275 3530 277 3535 ’
331 3515 493 3567 Attacorum
513 3511 622 3574 itincre,
642 3514 729 3563 atatim
750 3530 809 3565 curn
828 3513 945 3579 Hyrcani
964 3512 1020 3564 lilio
1039 3512 1187 3580 navigavit
1224 3512 1277 3562 illc
1295 3512 1361 3564 dein
1381 3514 1427 3564 ine

331 3584 417 3636 acolt.
435 3583 534 3635 tradito
554 3584 622 3648 patri
641 3583 697 3634 lilio
727 3585 886 3636 documenta
913 3584 1062 3649 recipiendi
1086 3585 1163 3650 regni
1183 3581 1324 3649 Bithynici
1355 3583 1427 3636 lrodir

332 3657 357 3707 ci
377 3654 445 3706 tradi
463 3653 547 3704 inbct.
567 3655 674 3722 dignum
694 3670 754 3706 canc
774 3657 875 3723 quippo
893 3656 938 3722 qni
958 3656 1045 3723 magia
1063 3670 1141 3722 quarn
1152 3657 1238 3705 ceteri
1255 3652 1340 3706 liberi
1359 3671 1426 3707 ana.

231 3774 237 3797 Ι
329 3734 414 3789 ratur,
433 3727 532 3793 quippe
550 3727 686 3794 quiregii
704 3725 909 3794 liliacaponaua
929 3734 1014 3790 ciaet,
1039 3726 1146 3794 dignum
1176 3739 1236 3776 orac
1257 3740 1349 3793 regno
1366 3742 1425 3794 pro-

329 3803 391 3863 pter
415 3795 521 3847 virilem
544 3798 658 3848 animum
682 3804 708 3848 et
733 3798 854 3864 conponit
882 3795 964 3848 robor
989 3805 1017 3848 et
1046 3804 1180 3847 strenuom
1203 3802 1333 3848 mcntcnr.
1380 3798 1424 3848 lroc

331 3866 461 3934 qnondam
481 3873 585 3932 optarat
606 3868 744 3934 Hyrcanos
777 3878 804 3921 ct
831 3868 918 3918 animo
944 3876 999 3920 tnrn
1024 3866 1172 3931 volvebat,
1191 3881 1272 3934 quum
1293 3866 1365 3919 iortc
1382 3884 1424 3936 prr

317 3938 422 4005 Ι’τυρυιιι
441 3940 601 3989 excitaretur
618 3939 684 3990 illud
701 3940 862 3990 desiderium
876 3939 957 3991 lacilc
969 3938 1075 4006 reliqua
1088 3940 1183 4003 petitio
1193 3939 1333 4003 impetrari
1351 3955 1423 4007 ροισι

331 4009 389 4060 vica
411 4015 460 4059 eat.
497 4008 593 4057 deinde
614 4009 714 4061 militer
733 4010 924 4076 Byzantiorum
949 4008 1026 4061 multi
1044 4009 1150 4077 qnidam
1178 4016 1206 4059 ct
1223 4007 1358 4061 nobilianr
1377 4011 1421 4061 lto-

330 4080 430 4131 minum
449 4093 505 4130 oon
522 4079 600 4144 ponci
620 4094 677 4129 cunr
696 4081 870 4133 barbarorum
881 4081 1010 4133 militibus
1028 4081 1104 4132 mixti
1122 4079 1242 4146 Hyrcani
1261 4080 1345 4132 liliam
1363 4096 1421 4147 pro.

273 4146 282 4155 “
331 4150 463 4205 duxerant
478 4164 536 4203 onor
549 4149 677 4216 cymbalis
689 4161 716 4204 ct
728 4153 860 4221 tympania
876 4160 904 4203 ot
915 4153 986 4220 picto
1002 4152 1080 4220 regni
1093 4151 1172 4220 signo
1183 4166 1271 4219 naqno
1287 4151 1320 4205 ad
1338 4152 1421 4207 artu
