3017 4759
224 280 450 384 nrsroauiu
476 284 738 353 sumamma
751 266 970 355 xxviiio.
988 268 1056 357 tt.
1131 270 1203 355 ‘riu

98 470 194 523 στας.
238 452 325 513 τοῦτ’
345 452 445 515 ἐκεῖνο
460 443 587 533 σχεδόν,

102 551 164 616 ,τοό
185 553 249 613 τοῖν
273 553 422 633 Φεραίων
443 550 544 614 πάλαι
565 546 733 635 ταράννοο,
755 546 791 624 ός
815 553 980 639 τραγῳδοῦ
997 551 1084 628 τινάς
1107 556 1207 634 ἐμμε-

105 651 167 721 λῶς
189 651 237 713 ἐπ’
257 652 357 714 αὐτοῦ
390 648 536 734 Τρωϊκάς
559 650 729 735 συμφοράς
752 650 918 731 ε’πιόντος,
939 652 1048 737 ε’πειόή
1072 651 1152 739 πρός
1170 654 1205 719 τό

103 747 208 825 πάθος
227 744 346 835 ᾔσθετο
365 748 583 831 χαυνοόμενος
607 750 664 833 τήν
685 748 804 834 ξψοχήν
826 752 969 837 καθάπερ
991 752 1094 841 [dissip
1115 753 1208 836 σόόη-

79 867 168 931 5ρος,
188 846 366 933 άνεπήόησό
383 874 416 915 τε
437 848 539 925 εόθός
562 853 617 914 καί
636 848 691 914 τόν
716 851 878 937 τραγῳδὸν
900 854 1020 933 ἰταμαῖς
1043 851 1207 937 ἐλοιδόρη-

105 976 158 1015 σεν
182 945 230 1013 ότι
254 947 292 1032 δή
314 949 369 1033 τήν
392 950 455 1027 ἕξιν
476 953 577 1016 orituri
595 955 651 1034 τής
673 954 782 1033 ψυχῆς
803 948 958 1031 ἐμάλαξεν
982 951 1208 1045 όπωσσόνιμε-

103 1051 229 1129 ταθείς,
261 1050 396 1134 αἰσχρόν
426 1044 507 1114 εἶναι
529 1053 636 1136 φήσας
664 1053 695 1115 st‘
715 1050 890 1125 τοσοότους
919 1050 1133 1136 ἀποσφάττων
1156 1048 1209 1117 άει·

103 1154 251 1231 πολίτας,
284 1159 348 1226 τοῖς
379 1155 435 1235 τῆς
463 1148 593 1237 Ἑκάβης
615 1154 670 1216 καί
692 1156 875 1235 Πολυξένης
909 1153 1056 1239 δακρύων
1078 1154 1207 1237 θρήνοις

104 1240 235 1335 όφθειή.
278 1252 418 1315 τοιοῦτον
438 1252 457 1336 ή
481 1249 642 1334 δυστυχής
669 1250 883 1334 μεγαλόπολις
910 1256 981 1317 καθ’
1003 1250 1118 1337 ἓαοτής
1140 1256 1208 1333 ἐξέ-

60 1360 93 1413 10
103 1354 228 1436 θρεψεν
247 1343 426 1436 ἄνθρωπον,
443 1350 500 1417 καί
511 1353 599 1417 ταῦτ’
615 1353 720 1417 eiiam
745 1349 914 1435 πόρρωθεν
928 1349 1082 1441 ρι’όόμενον
1106 1353 1208 1435 ἐσχά-
1293 1416 1294 1427 ,

105 1476 163 1535 την
186 1449 350 1516 α’πιόλειαν
373 1454 472 1535 αότής
493 1455 525 1516 θ’
549 1446 616 1533 ἅμα
648 1450 703 1515 καί
732 1452 899 1534 εόσεβειάς
929 1450 1089 1536 ὑπάρχειν
1108 1453 1210 1537 αότής

101 1548 178 1617 τόκ
211 1562 369 1635 στοιχεῖον
392 1550 621 1631 όιπλοόμενον·
666 1549 748 1616 οἷστε
777 1555 831 1617 κατ’
851 1550 946 1629 εἴτις
968 1561 1209 1635 παρασορεῖσαν

98 1650 157 1736 τήν
178 1653 259 1736 ε’μήν
281 1650 424 1735 ἐγκαλεῖν
446 1650 515 1735 ἔχοι
536 1657 660 1735 μητέρα
682 1649 876 1736 παραπλήσι’
906 1645 985 1716 άττα
1007 1660 1210 1736 πεπραχοῖαν

96 1753 144 1839 τῷ
167 1755 339 1837 τηνικαῦτα
363 1754 474 1837 καιρῷ,
495 1753 552 1815 σόκ
567 1756 686 1836 ε’κεόνην
709 1748 777 1816 ἀλλ’
793 1749 1068 1818 αότόναῖτιοῖσθαι
1088 1749 1206 1835 χροιάν·

58 1849 121 1915 ίόά
153 1856 212 1933 μὲν
242 1850 303 1936 γάρ
337 1850 377 1915 τά
410 1849 564 1936 άλλότρια
597 1854 697 1937 ζητῶν
727 1851 923 1936 παρηνόμιι,
956 1848 977 1935 ή
1007 1854 1037 1915 d’
1069 1851 1208 1935 ήμόνετο
1249 1868 1257 1887 Χ

101 1955 245 2035 ἕπόοντα,
267 1960 375 2036 τηρεῖν
396 1949 579 2036 ἐπειγομένη
599 1962 664 2029 τοῖς
686 1952 840 2037 όρφιινοῖς
861 1958 976 2027 τέκνοις
998 1952 1033 2016 τό
1060 1954 1128 2035 ζήν,
1149 1979 1208 2017 κα-

100 2054 208 2138 θάπερ
230 2047 355 2139 τραγὼν
377 2052 450 2127 τοός
478 2050 595 2137 ἓαοτής
627 2056 913 2138 νυκτοφυλακοῦσα
943 2056 1043 2117 διέπει
1066 2051 1209 2126 νεοττοάς
1251 2080 1265 2115 κ

102 2152 294 2239 α’λλοφόλων
321 2154 471 2219 ἐπιόντων
506 2156 624 2236 όρνόων
647 2151 767 2228 νυκτός.
819 2155 850 2217 εἰ
873 2155 907 2215 ti
929 2153 984 2217 sol
1006 2145 1052 2227 οἷς
1073 2154 1148 2233 περί
1167 2139 1207 2215 τά

23 2313 30 2323 .
100 2258 234 2320 τοιαῦτα
257 2254 472 2338 συνετώτερον
496 2252 598 2319 ἔπεισι
628 2255 744 2336 κρίνειν
766 2256 936 2317 πείθεσθαι
960 2255 1083 2317 δίκαιον
1103 2254 1127 2292 ‘¹
1147 2250 1238 2337 εἴηρ,
1255 2280 1341 2337 135,⁸

55 2354 194 2418 torni?
231 2348 311 2419 dvm
344 2357 565 2437 όιατειναόμην
594 2352 684 2437 ἔγωγ’
712 2345 752 2417 iia
796 2349 818 2417 ά
846 2352 901 2417 τόν
930 2351 1006 2417 θεόν
1037 2354 1080 2429 εἰς
1110 2351 1208 2435 α’νάγ-

101 2479 161 2529 κας
188 2457 362 2536 ἐπενεγκεῖν
395 2457 464 2518 κατ’
495 2456 596 2539 αότής
623 2454 756 2539 ἠρέθισε
790 2452 823 2518 τὸ
856 2458 937 2536 μέγα
967 2454 1069 2530 πάθος
1099 2458 1209 2537 ἐκεῖνο,

101 2556 161 2638 τήν
193 2558 249 2638 τής
288 2557 455 2638 βασιλικῆς
490 2554 635 2633 ἔξουσίας
669 2558 755 2640 φημὶ
785 2558 914 2641 ζημίαν,
959 2556 1018 2618 ada
1055 2556 1211 2641 α’νεχομέ-

97 2677 161 2719 νου
174 2657 302 2736 βλέπειν
315 2657 385 2719 ov’d'
400 2654 550 2721 άκοόσισν
561 2655 663 2739 μόσος
674 2663 738 2730 τοῖς
754 2658 908 2731 ἐκλεκτοῖς
928 2658 1208 2741 προστριβόμενον.

106 2846 155 2883 eos
174 2832 400 2899 supergrediens,
427 2848 531 2885 omnem
550 2834 740 2886 humanitatem
769 2848 868 2885 exuere
889 2840 916 2885 et
934 2834 961 2884 in
983 2833 1074 2885 durum
1094 2832 1209 2901 lapidem

104 2919 137 2963 se
156 2910 259 2954 mutare
277 2903 352 2964 aelle
371 2906 445 2965 uisus
471 2913 514 2969 est
541 2921 573 2958 eo
593 2905 707 2958 oonsilio
730 2914 759 2958 ut
781 2911 901 2956 naturam
926 2919 999 2956 suam
1018 2904 1157 2955 immanem
1176 2905 1210 2957 ad

99 2975 244 3042 ¹posterum
271 2982 374 3043 tempus
403 2976 534 3045 integram
558 2969 719 3030 reservaret.
766 2976 836 3045 quod
860 2978 883 3027 si
910 2968 993 3026 liceat
1012 2990 1070 3025 cum
1095 2980 1208 3040 tyranno

104 3044 157 3097 illo
176 3044 296 3097 Pheraeo
318 3050 465 3114 comparari
484 3057 583 3116 potest,
602 3051 648 3117 qui
667 3064 747 3116 quum
766 3048 873 3099 actoris·
887 3047 963 3098 suavi
982 3046 1210 3098 rerumTroiana.

104 3132 165 3169 rum
183 3120 338 3170 narratione
366 3120 481 3171 animum
506 3137 580 3172 suum
616 3120 716 3170 molliri
735 3119 848 3170 sentiret
875 3117 1092 3184 quemadmodum
1111 3116 1210 3168 ferrum

106 3186 181 3250 oleo,
200 3198 313 3254 repente
332 3206 347 3241 a
365 3192 429 3243 sede
453 3207 501 3242 sua
520 3190 645 3258 prosiluit
671 3198 697 3241 et
716 3198 833 3241 actorem
860 3190 905 3257 qui
925 3189 1005 3239 animi
1030 3189 1072 3241 sui
1091 3196 1211 3242 naturum

105 3258 254 3325 mitigando
274 3270 388 3312 mutaret
406 3262 641 3315 vehementissime
657 3262 800 3328 increpuit.
837 3276 897 3312 nam
919 3268 996 3327 turpe
1018 3275 1077 3311 esse
1096 3262 1163 3313 dixit
1187 3260 1211 3313 si

9 3388 18 3398 ,
106 3330 167 3396 ipse
188 3332 232 3398 qui
252 3334 378 3383 contiuuo
404 3341 445 3384 tot
464 3335 568 3387 civibus
594 3332 701 3384 eaedem
726 3339 834 3400 pararet
860 3331 985 3383 Hecabae
1007 3340 1033 3383 et
1053 3330 1210 3398 Polyxenus

105 3400 232 3476 lacrimas
252 3404 389 3455 effundere
402 3405 548 3457 videretur.
581 3405 650 3474 quod
670 3412 814 3456 monstrum
834 3402 931 3454 infelix
947 3402 1127 3471 megalopolis
1147 3403 1210 3455 urbs

106 3470 160 3523 sibi
181 3474 304 3526 educavit
331 3491 419 3543 neque
451 3479 577 3545 ignorans
608 3476 710 3543 pridem
737 3482 886 3539 cantatum,
913 3474 1031 3525 ultimam
1056 3476 1158 3526 ruinam
1185 3481 1212 3524 et

107 3542 195 3607 ipsius
216 3551 243 3594 et
261 3547 368 3610 pietatis
391 3563 450 3599 esse
468 3551 525 3599 eius
546 3570 563 3603 τι
584 3547 698 3599 litteram
717 3545 887 3613 duplicatam.
927 3560 1010 3613 quare
1030 3547 1052 3596 si
1073 3548 1132 3613 quis
1150 3560 1209 3595 ma-

64 3624 80 3642 «ι
107 3620 178 3668 taem
198 3628 282 3665 meam
301 3632 370 3683 quae
397 3618 448 3669 hoe
467 3628 588 3686 tempore
607 3618 706 3670 similia
726 3625 894 3685 perpetraret
912 3632 1040 3669 accusare
1059 3616 1137 3680 velit,
1155 3628 1211 3667 nou

107 3684 174 3734 huic
192 3686 238 3736 sed
261 3686 302 3738 ilii
328 3687 431 3753 culpam
460 3692 588 3742 attribuat
607 3689 750 3756 oportebit.
789 3689 832 3739 hic
860 3690 929 3740 enim
955 3688 1110 3740 iniuriarum
1132 3687 1211 3753 eupi-

107 3756 158 3807 dus
183 3754 260 3823 leges
288 3757 419 3824 violavita
444 3760 491 3812 ilia
517 3769 701 3828 reroeoutra
728 3776 788 3811 eum
816 3774 845 3811 se
870 3760 989 3812 defendit
1014 3768 1042 3811 ut
1071 3758 1212 3811 infantium

107 3834 186 3893 patre
206 3827 331 3878 orborum
350 3830 431 3881 vitam
451 3842 605 3900 protegeret
625 3832 846 3900 quemadmodum
867 3830 989 3882 columba
1008 3828 1099 3896 pullos
1118 3837 1212 3883 eusto-

99 3897 148 3948 ·dit
172 3904 273 3963 noctu,
299 3914 352 3966 quo
376 3908 496 3967 tempore
520 3919 585 3954 aves
614 3918 725 3971 rapaces
749 3903 905 3970 praedatum
931 3900 1070 3953 evolitadt.
1118 3900 1213 3969 quodsi

101 3970 156 4036 ·qui
180 3970 213 4020 de
250 3970 389 4035 eiusmodi
406 3973 484 4023 rebus
515 3975 616 4026 rectius
643 3982 744 4042 queunt
768 3973 887 4025 iudicare
918 3972 994 4041 sequi
1021 3989 1133 4041 aequum
1162 3976 1211 4032 est,

109 4040 233 4106 equidem
252 4041 320 4093 haec
338 4042 396 4107 ipsa
421 4042 498 4092 deum
523 4052 552 4095 ut
571 4046 691 4096 miserias
712 4046 737 4095 ei
763 4046 880 4096 mitteret
906 4046 1024 4096 movisse
1043 4044 1124 4095 facile
1143 4054 1212 4091 eou-

106 4111 224 4163 teudam.
263 4127 365 4180 poeuas
384 4113 444 4165 dico
464 4122 577 4181 propter
592 4116 664 4182 regis
683 4116 820 4167 libidinem
841 4131 919 4183 quum
941 4116 1006 4169 deus
1025 4132 1059 4167 ne
1077 4114 1210 4165 minimam

107 4183 216 4251 quidem
235 4185 365 4237 maculam
387 4186 421 4237 iis
440 4200 507 4255 quos
524 4186 574 4237 silai
590 4185 675 4256 elegit
691 4188 767 4255 iuligi
788 4188 911 4256 patiatur.
1072 4194 1075 4199 ’

204 4282 365 4354 Νόοιρλιοειιι
378 4284 479 4357 (ἕτερον
515 4282 569 4338 tat,
583 4283 636 4341 iti.
995 4283 1025 4333 11
