3017 4759
281 215 352 286 ¹72
597 217 820 289 utciuflout
854 210 1085 289 GREGORAE

276 408 310 449 τι
333 382 419 463 διξιό
453 387 509 450 ιιαί
539 383 690 468 α’ριοτερέ
712 388 770 450 τοῦ
794 382 944 461 Εὐξείνου
980 372 1225 461 διανειμάμενοι
1249 375 1374 443 Πόντου

276 484 408 567 πλευρά,
432 482 524 561 όοαις
544 482 584 549 δν
606 484 768 568 ἐντύχοιεν
795 486 891 548 υαυοί
912 486 942 547 Γ
940 486 1157 557 evocaturam
1179 480 1377 564 ἐνεπίμπρα-

275 586 336 650 oda
359 611 392 653 τι
413 592 469 652 καί
487 586 601 670 βόθοις
617 592 825 671 παριπέμπου
848 585 1053 658 διαποντέοις.

352 691 446 753 ‘Kar'
472 692 573 754 ταῦτα
600 692 662 768 μέν
696 689 772 774 τῇδέ
795 714 837 774 πῃ
869 684 943 767 έσχτ
983 685 1039 747 nat*
1068 682 1086 746 ό
1118 686 1173 765 τῆς
1202 678 1377 766 διηγήσεως

272 790 495 876 Ἀγαθαγγέλρι
522 785 649 871 δρόμος.
704 791 846 852 ἐνταῦθα
876 788 1074 868 ἐπεραίνετο·
1134 782 1189 847 καὶ
1217 781 1252 847 τό
1280 787 1405 867 θέροςδ

274 884 365 972 ἔληγε
388 892 561 973 τηνικαῦτα
583 890 638 954 soi
656 888 814 954 ἐτελεύτα.

209 1003 265 1056 ὅθ
371 988 446 1073 Ἑγυό
478 993 513 1055 δὲ
533 982 772 1070 όπολαβών“αό
793 991 868 1053 καλὲ
896 986 1127 1071 Ἀγαθόγγελο”
1158 984 1259 1071 ἔφην,
1283 980 1375 1068 εἰόρα

273 1114 325 1155 οοι
347 1091 476 1155 οἶπιέναι
504 1083 564 1173 ἤδη
594 1089 667 1173 πρὶν
689 1088 747 1173 τὴν
782 1092 936 1153 ἐπιοῦσαν
966 1089 1058 1171 ἦλιόυ
1081 1086 1173 1171 φλόγ’
1202 1088 1375 1168 διασχεῖν·

274 1188 435 1273 προόρρέου
461 1187 523 1273 γὰρ
548 1198 614 1266 τοῖς
635 1192 722 1270 έμοῖς
743 1183 825 1253 εἶναι
848 1191 997 1264 διιόνταις
1024 1188 1196 1269 συμβαίνει
1226 1183 1279 1250 διό
1304 1210 1377 1251 ter·
1445 1196 1454 1202 ”

272 1292 378 1373 ια’ροον
411 1286 432 1373 ἢ
460 1293 556 1372 τριῶν
576 1314 611 1372 ys
644 1289 721 1364 ἴσως
744 1290 871 1372 ἧμιριόυ
900 1287 952 1353 τόν
979 1288 1056 1368 ἐμόν
1081 1290 1207 1351 τουτονί
1228 1290 1425 1375 περιτρέ-10

272 1414 387 1473 χουσιν
406 1386 490 1455 οἶκοι
511 1387 762 1476 ρόινηλατοόντωυ
784 1391 872 1472 δίκην
890 1389 1072 1471 αἰιροιῖοθαι
1097 1389 1211 1467 κυνιόν,
1232 1386 1286 1451 καί
1305 1390 1376 1461 δέος

271 1489 316 1573 μὴ
338 1492 541 1570 αἰσθομένων
565 1495 674 1575 φωνῆς
694 1489 779 1563 τινός
811 1487 940 1555 ἔνδοθεν
968 1487 1076 1572 ἴχνους
1099 1486 1156 1573 τὴν
1180 1486 1278 1571 ου’τὴν
1301 1486 1377 1570 ἡμῖν

231 1648 235 1653 .
273 1588 355 1679 ιῖλρός
377 1587 521 1664 θανᾶτου
545 1594 633 1676 δίκην
654 1584 763 1677 όφλονν
787 1594 841 1655 καί
862 1591 967 1667 ου’τός.
1021 1583 1116 1653 ιῖπιθι
1139 1592 1256 1672 τοίνυν,
1281 1589 1320 1652 τό
1346 1590 1375 1651 δ’

272 1693 412 1775 ἡμέτεροι
437 1685 510 1755 inor
538 1693 661 1755 κελεύοι
697 1691 774 1767 θεός
808 1690 884 1755 ἴτον
937 1688 1041 1755 πάντα
1071 1688 1132 1774 γόρ
1163 1695 1220 1774 τῆς
1254 1692 1375 1755 έιιεένου

211 1808 216 1821 ·
270 1793 377 1875 χειρός
410 1794 466 1856 ιιαί
485 1795 634 1876 προνοιάς
662 1794 804 1875 ἐξῆπται.
859 1788 953 1859 οἶσθα
991 1794 1020 1857 δ’
1053 1790 1095 1865 οἷς
1125 1788 1216 1875 έγγός
1239 1814 1301 1855 που
1323 1790 1378 1855 ιιαέ
1388 1805 1423 1859 15

273 1889 373 1974 μόνον
394 1893 435 1956 οδ
455 1890 516 1977 πρό
539 1896 648 1976 θυροόν
671 1893 726 1957 κἀἰ
748 1892 767 1976 ἦ
790 1886 971 1968 τοόπιόντος
995 1890 1085 1968 έτους
1108 1893 1205 1976 ἀρχή,
1229 1895 1261 1957 έν
1282 1882 1300 1981 ᾗ
1322 1894 1378 1955 καί

272 1993 380 2077 χριιόν
399 1996 518 2059 εἰδέναι
537 2017 574 2059 οε
595 1997 777 2073 εἰθισμένον
793 2002 859 2069 τοῖς
880 1988 1033 2078 ἄρχουσιν
1055 1987 1137 2057 εἶναι
1159 1996 1376 2066 διαλεκτικούς

271 2118 358 2171 τινας
381 2088 500 2178 ἄνδρας
525 2097 559 2159 έιι
585 2079 738 2178 περιόδου
761 2098 956 2179 προπέμπειν
986 2095 1082 2180 ἡμῖν,
1110 2093 1236 2169 όποέους
1259 2097 1293 2158 έιι
1314 2098 1376 2155 λα-

272 2193 372 2279 τδπρς
392 2195 447 2259 ιιαί
467 2200 609 2281 θυμέλης
626 2196 680 2261 καί
697 2199 920 2280 ουρέγγωνιιαί
942 2198 1000 2260 τοῦ
1020 2196 1171 2277 κόρδακος
1194 2193 1375 2277 λαμβάνον-

270 2318 320 2371 τες
344 2295 511 2377 θεολόγους
534 2296 609 2378 ἡμῖν
632 2296 870 2382 αδθρμερινοός
889 2294 983 2362 ου’τοέ
1003 2294 1240 2378 οχιδιοόζουσιυ,
1264 2287 1422 2377 ὥοπιρρρ

270 2390 301 2457 οἱ
326 2398 427 2477 μῦθοι
452 2392 551 2460 πάλαι
581 2393 655 2472 τοός
684 2401 851 2481 γίγαντας·
907 2399 964 2482 δι’,
986 2387 1031 2460 ιόν
1066 2392 1199 2477 έλλοχᾶυ
1227 2391 1310 2477 ἡμᾶς
1333 2393 1374 2456 ου’

138 2493 159 2550 i.
172 2493 223 2551 tat
234 2514 259 2554 a.
270 2492 357 2579 παρό
381 2499 505 2581 φαῦλον
527 2501 689 2563 ποιοῦνται
714 2496 767 2561 διό
792 2501 914 2563 πολλῶν
927 2520 960 2561 τε
980 2500 1035 2560 καί
1058 2495 1258 2577 πολλαχόθεν
1272 2496 1297 2534 ”
1318 2491 1375 2556 καί
1455 2571 1461 2582 ·

341 2696 369 2749 8.
394 2698 536 2772 έκπεμπτι
554 2701 642 2757 πολιν
657 2696 874 2773 Ἆγαθδμγελον
894 2700 910 2757 δ
930 2701 1087 2773 respacis·

272 2870 414 2924 celerrimo
430 2886 559 2926 reversae
578 2882 640 2926 suut
658 2890 707 2942 per
724 2847 836 2926 Pontum
850 2874 980 2926 Euxinum
999 2874 1166 2926 dextrorsum
1185 2878 1212 2923 et
1230 2870 1371 2923 sinistror-

271 2958 326 2995 sum
344 2944 503 3013 navigantes
533 2944 578 2996 ubi
598 2946 778 2999 Ganuensium
800 2961 884 2998 naves
915 2944 1083 2997 offenderunt
1108 2951 1135 2994 et
1152 2941 1319 2994 incluserunt
1344 2948 1372 2993 et

270 3014 298 3066 iu
316 3031 388 3067 mare
407 3016 565 3082 profundum
586 3016 795 3070 submerserunt.

369 3110 442 3162 llaec
460 3112 544 3179 igitur
562 3113 601 3164 ita
614 3129 645 3165 se
664 3112 806 3164 habebant.
844 3115 896 3164 iam
906 3110 1087 3180 Agathangeli
1106 3110 1223 3162 narratio
1242 3109 1274 3160 ad
1292 3109 1371 3161 finem

270 3190 441 3249 pervenerat.
479 3197 567 3250 eoque
585 3192 707 3250 tempore
725 3193 813 3237 aestas
835 3186 913 3236 iiuem
933 3184 1006 3250 cepit
1026 3190 1052 3234 et
1071 3183 1159 3233 desiit.

369 3276 428 3344 Ego
453 3292 519 3329 vero
547 3280 728 3346 respondeus,
754 3283 818 3334 vide
842 3282 1001 3332 amicissime
1028 3277 1215 3347 Agathangele
1242 3284 1271 3328 ut
1289 3276 1370 3328 abeas

269 3352 410 3413 antequam
431 3347 497 3400 solis
515 3349 563 3402 lux
581 3352 691 3403 oriatur.
728 3368 788 3403 uam
807 3352 1026 3421 persecutoribus
1038 3352 1105 3401 mois
1126 3351 1171 3418 qui
1191 3356 1303 3417 quatuor
1323 3346 1370 3399 vai

271 3416 357 3469 tribus
377 3426 451 3471 certe
470 3420 564 3472 diebus
593 3422 697 3474 domum
717 3423 786 3475 banc
812 3426 1020 3476 circumcursant
1043 3436 1173 3488 prospere
1198 3420 1313 3489 obtingit
1341 3425 1371 3470 ut

268 3490 453 3543 auscultantur
471 3498 595 3561 tauquam
616 3509 696 3546 canes
714 3496 746 3546 ad
774 3495 988 3565 investigandum
1008 3493 1184 3561 sagacissimi,
1201 3500 1228 3543 et
1245 3500 1371 3543 metuen.

268 3560 328 3612 ium
350 3570 391 3613 est
409 3578 488 3631 quum
516 3578 610 3616 vocem
628 3566 699 3617 intus
718 3566 834 3635 aliquam
863 3567 1035 3634 perceperint
1058 3581 1092 3616 nc
1111 3564 1180 3615 idem
1199 3578 1301 3614 mecum
1320 3560 1370 3612 tibi

268 3646 376 3699 quoque
393 3635 486 3687 mortis
508 3635 668 3703 supplicium
687 3639 838 3689 contrahas.
877 3638 956 3689 abeas
975 3639 1067 3706 igitur,
1086 3635 1181 3686 cedant
1199 3650 1243 3687 res
1260 3641 1369 3685 nostrae

268 3716 321 3768 quo
341 3704 406 3755 deus
426 3705 510 3770 ferat3
529 3715 625 3759 cuncta
644 3708 714 3759 enim
733 3710 766 3760 ab
791 3710 864 3761 iilius
886 3709 988 3761 auxilio
1010 3715 1036 3759 et
1055 3707 1224 3773 providentia
1242 3705 1368 3773 pendent.

267 3772 321 3823 scis
341 3782 429 3824 autem
448 3792 526 3843 quam
545 3780 721 3847 propinquum
740 3782 777 3832 sit
799 3789 825 3832 et
856 3795 942 3847 paene
965 3780 998 3831 ad
1017 3780 1109 3830 ianuas
1130 3775 1369 3845 appropinquantis

267 3843 329 3893 aubi
348 3844 469 3910 initium,
488 3862 541 3915 quo
557 3851 628 3917 quod
646 3843 717 3902 scire
734 3859 761 3903 te
781 3860 888 3918 oportet
906 3853 1040 3918 principes
1060 3849 1150 3901 solent
1171 3850 1263 3901 doctos
1283 3860 1369 3914 quos-

266 3913 325 3965 dam
344 3914 464 3968 homines
484 3920 564 3971 certis
589 3922 753 3989 temporibus
778 3923 810 3973 ad
838 3938 888 3974 uos
919 3924 1045 3985 mittere,
1075 3934 1141 3989 quos
1163 3936 1177 3970 e
1196 3919 1322 3971 ramentis
1343 3924 1370 3965 et

267 4000 350 4037 acerra
369 3994 396 4037 et
415 3989 548 4041 curriculis
568 4000 595 4044 et
615 3994 729 4045 eordace
761 4002 891 4046 assumtos
911 3992 1054 4061 theologos
1083 3992 1161 4044 nobis
1181 3990 1299 4058 quotidie
1317 3987 1369 4053 ipsi

270 4054 404 4110 fabricant
423 4068 454 4111 ut
473 4062 501 4113 in
520 4062 617 4116 iabuiis
632 4066 768 4134 Gigantes.
790 4080 837 4131 per
856 4079 923 4133 quos
942 4066 1050 4117 insidias
1068 4064 1147 4116 nobis
1168 4070 1273 4115 struere
1291 4066 1370 4124 turpe

268 4137 333 4206 uota¹
345 4130 501 4189 existimant
517 4134 609 4195 multis
638 4137 776 4205 uariisque
794 4137 895 4210 modis,
923 4137 959 4215 ita
978 4144 1007 4187 ut
1024 4144 1070 4189 aut
1088 4134 1206 4196 fraudem
1226 4132 1324 4211 trojam
1343 4137 1370 4211 et
