3017 4759
254 272 476 348 nrsroatllu
494 276 753 350 namuurum
771 284 913 352 xxvio.
935 264 1121 352 65-68.
1181 280 1258 353 aaa

153 439 261 519 κλόνος
283 445 435 530 ἐξαίφνης
450 439 609 530 ’ῥαγδαῖος
635 448 691 511 καί
712 447 776 511 ταῖν
800 440 898 510 πάλαι
928 448 1184 528 θαυμαζομένων
1202 444 1256 513 ἐντί

152 546 282 628 μεγέθει
303 546 469 627 ἐνάμιλλος
492 549 594 610 πάσαν
617 548 669 634 ἐφ’
692 539 730 630 ἧς
748 539 925 631 ἑστήκαμεν
947 543 1066 626 ἐτίναξε
1089 550 1157 632 γήν.
1201 551 1256 613 καί

153 643 193 709 τά
215 649 273 725 μὲν
291 642 352 724 ἔξω
376 648 453 722 τέως
475 645 610 730 ἠγνόουν
630 647 730 732 πάθη,
751 650 965 729 κεκλεισμένας
988 641 1041 729 ὧν,
1067 640 1126 713 ὅσα
1138 672 1172 713 τε
1186 653 1256 713 Βυ-

158 746 283 822 ζάντιον
305 744 361 809 καί
381 739 442 810 dcc
460 745 516 820 τάς
539 737 638 824 άλλας
661 752 871 829 συμπέπτωκε
893 746 1000 824 πόλεις
1021 754 1158 814 παθεῖν·
1181 743 1255 813 ὅλον

128 846 184 907 bd’
208 837 266 909 σάν
285 844 418 929 ἐδάνησε
440 844 496 911 καί
512 851 706 934 συνετάραξε
733 846 821 930 μάλα
849 851 998 934 σφοδρῶς
1026 848 1080 914 τόν
1098 848 1257 935 ήμέτερον

156 940 264 1030 οἶκον,
299 948 343 1023 ὥς
375 954 430 1015 καί
447 954 530 1035 μέρη
556 953 656 1015 πλείω
677 950 812 1036 ῥαγέντα
833 955 965 1033 χεῖσθαι
992 950 1073 1035 πρὸς
1095 943 1256 1035 τοῦδαφος

150 1045 248 1116 ,ἔνθεν
268 1051 423 1133 κάκεῑθεν,
446 1052 504 1115 καί
522 1049 645 1129 τάςμὲν
666 1047 822 1134 ήμετέρας
833 1056 964 1133 βίβλους
984 1054 1017 1131 ἐξ
1039 1050 1136 1135 ἕδρας
1158 1046 1256 1135 duop-

65 1200 68 1208 .
154 1153 349 1233 ρηγνυμένας
371 1146 557 1237 ῥιπτεῖσθαι
578 1137 694 1235 χαμαί.
728 1148 766 1215 τό
779 1174 815 1235 γε
836 1151 901 1235 μήν
924 1155 1182 1236 παρατεταμένον
1201 1154 1257 1234 τής

154 1243 243 1333 ιόρας
264 1253 320 1314 καί
336 1250 356 1334 ή
375 1249 456 1316 κατά
472 1251 582 1336 βραχά
602 1253 681 1337 πρὸς
695 1249 731 1315 τό
753 1252 932 1338 βιαιότερον
948 1251 1089 1337 προκοπή
1110 1255 1166 1317 τοῦ
1188 1276 1257 1318 σει-

113 1355 239 1431 toene&
257 1353 313 1416 καί
341 1351 553 1437 α’παγαρεάειν
587 1344 649 1438 ήδη
670 1376 712 1433 με
732 1350 769 1418 τό
793 1354 848 1437 ζήν
869 1348 1143 1438 προσηνάγκαζον,
1168 1353 1255 1441 edepl

153 1475 188 1517 τε
209 1450 323 1537 ἐδάφει
338 1456 395 1518 καί
415 1455 496 1541 ου’τή
518 1452 799 1535 συγκαταδάεσθαι
826 1454 1085 1537 προσδοκήσαντα
1106 1456 1143 1539 τῇ
1163 1455 1255 1542 αἰκία.

154 1550 215 1636 ἐγώ
236 1556 296 1633 μὲν
327 1545 385 1619 oda
415 1557 495 1629 τέως
516 1552 575 1617 odat
594 1551 677 1635 έχων
699 1549 771 1617 ὅποι
793 1558 917 1637 βλέψας’
950 1550 1008 1637 τήν
1026 1552 1119 1619 θείαν
1137 1551 1256 1639 ἐκείνην

153 1652 323 1735 διαφυγεῖν
346 1652 453 1740 ι’ργήν,
475 1646 493 1738 ή
517 1675 551 1717 τε
579 1655 637 1717 νῦν
669 1651 723 1717 διά
746 1651 805 1729 τάς
834 1653 990 1738 ἡμετέρας
1023 1650 1112 1741 ἐπήει
1143 1657 1255 1727 κακίας

154 1751 209 1815 καί
227 1748 248 1835 ή
266 1755 427 1832 μέλλουσα
446 1762 514 1829 ταῖς
530 1756 739 1839 φαινομέναις
753 1750 888 1829 ταόταις
912 1754 1057 1827 ἀπειλαῖς
1078 1756 1256 1837 ἐνεζιαγρα-

112 1858 267 1938 15φεΐτα,
300 1855 332 1928 ἐς
363 1851 399 1917 τό
423 1854 571 1938 πεπηγός
590 1859 646 1919 καί
664 1856 804 1936 βεβαίως
825 1852 992 1935 ἱστάμενον
1012 1856 1255 1940 ἐρηρεισμένους

154 1951 230 2028 τούς
251 1952 352 2029 πόδας
372 1952 457 2039 ἔχειν
472 1957 687 2041 ἐφιλονεικουν
698 1959 767 2037 μέν,
789 1954 932 2039 α’ντέχειν
949 1957 976 2019 δ’
999 1956 1056 2019 οδκ
1078 1948 1163 2038 εἶχαν
1177 1956 1256 2039 πρὸς

155 2050 238 2119 πάνυ
261 2055 462 2121 α’στατοάσαν
482 2059 550 2141 γήν.
574 2055 630 2120 καί
648 2048 686 2139 ήν
708 2054 911 2138 πανταχόθεν
932 2058 1005 2136 έμαί
1025 2056 1119 2120 στενά
1140 2058 1320 2141 καμιδῇθς

155 2155 194 2220 τά
215 2159 273 2221 τοῦ
294 2156 489 2241 πράγματος.
547 2151 630 2222 οὕτω
659 2155 720 2240 γάρ
753 2153 836 2239 έχων
862 2158 923 2220 τάν
943 2152 1031 2219 ἔνδον
1053 2158 1164 2241 κακῶς,
1188 2148 1258 2218 οὔδ’

155 2250 214 2334 ἔξω
238 2260 423 2341 προβαίνειν
442 2250 523 2333 ὅλως
545 2250 621 2343 ήγον
639 2259 685 2331 εἰς
706 2253 847 2340 μνήμην,
868 2258 961 2321 τοῦτο
978 2258 1038 2335 μὲν
1060 2250 1107 2321 ότι
1129 2258 1258 2337 δέσμιος

111 2348 195 2442 toda
215 2362 270 2424 καί
290 2356 362 2436 τοάς
383 2357 444 2445 πρὸ
467 2362 579 2443 θυρῶν
610 2360 745 2423 ἐδεδίειν
766 2354 947 2439 πανόπτας,
969 2359 1063 2423 τοῦτο
1083 2358 1111 2422 δ’
1134 2351 1179 2422 ότι
1204 2359 1259 2423 καί

156 2458 192 2523 τό
215 2463 268 2543 τής
291 2460 383 2540 &sobe
412 2459 654 2548 άναπόδρασταν
673 2457 788 2545 ψήφου
822 2458 921 2525 πάλαι
952 2454 1113 2544 γινώσκων
1143 2451 1182 2541 ήν
1214 2456 1258 2535 alc

158 2563 265 2637 ου’δείς
284 2563 457 2651 άποδραίη,
479 2557 538 2629 κάν
558 2567 593 2630 έν
613 2562 789 2647 άπαίθροις
809 2562 953 2649 χορεάων
968 2559 1049 2650 τάχη
1069 2562 1127 2642 τίς,
1148 2554 1204 2625 κάν
1224 2560 1259 2625 ἐν

155 2661 262 2752 εἱρκτῇ
292 2669 503 2752 συγκλείηται.
555 2672 610 2752 τῆς
629 2662 691 2749 γάρ
718 2666 839 2731 ἐκείνου
867 2660 1050 2747 βουλήσεως
1070 2664 1199 2747 ἐξῆπται
1217 2664 1256 2727 τά

155 2762 271 2849 πάντα,
291 2761 353 2833 dou
367 2791 401 2834 τε
423 2772 568 2854 φαίνεται
589 2772 643 2833 καί
655 2763 717 2834 ὅσα
738 2771 772 2833 ἐν
784 2776 900 2851 μυχοῖς
912 2762 1134 2847 θαλαμεάεται
1155 2764 1259 2849 α’πορ-

158 3049 233 3119 poris
251 3048 425 3103 mirilicorum
441 3050 625 3120 magnitudine
644 3050 750 3115 similis,
770 3062 875 3101 ornnem
903 3046 949 3100 ubi
971 3046 1142 3099 constiteram
1160 3053 1257 3099 terram

160 3122 303 3175 concussit.
351 3122 502 3175 nesciebam
534 3139 613 3191 quum
639 3122 759 3176 inclusus
785 3136 880 3184 essem,
901 3135 969 3190 quae
995 3118 1061 3171 ioris
1080 3118 1185 3182 fierent,
1206 3134 1257 3170 nec

159 3194 222 3262 quid
240 3193 371 3259 Byzantio
390 3210 441 3246 nec
460 3195 522 3263 quid
540 3196 637 3248 ceteris
658 3194 768 3246 urbibus
787 3192 937 3245 accidisset.
983 3191 1157 3243 vehementer·
1175 3190 1258 3258 igitur

158 3264 326 3334 perturbavit
338 3272 365 3317 et
377 3267 513 3319 concussit
527 3265 576 3317 ille
595 3265 727 3318 conclave
739 3280 826 3316 meum
842 3272 872 3315 ut
889 3262 1035 3331 pleraeque
1049 3270 1137 3331 partes
1157 3261 1257 3314 fractae

157 3339 185 3389 in
205 3344 301 3389 terram
320 3338 447 3389 caderent
465 3346 492 3389 et
509 3337 571 3390 libri
590 3338 675 3390 nostri
695 3353 710 3387 e
729 3337 794 3388 sede
814 3336 845 3387 nd
862 3334 969 3387 humum
985 3336 1174 3387 deiicerentur.
1195 3350 1257 3387 sus.

157 3424 257 3476 pensus
276 3408 326 3460 hac
345 3408 411 3463 hora
429 3409 531 3461 animus
553 3416 580 3459 et
608 3416 694 3459 motus
714 3416 802 3459 terrae
832 3406 910 3460 brevi
936 3406 1111 3459 vehementer
1129 3406 1254 3457 adauctus

157 3494 232 3547 spem
252 3481 325 3531 vitae
343 3482 480 3549 deponere
498 3497 541 3533 me
560 3479 690 3549 cogebat,
716 3495 796 3547 quum
815 3487 961 3530 metuerem
978 3494 1014 3529 ne
1043 3485 1114 3528 terra
1144 3485 1170 3528 et
1195 3478 1253 3543 ipso

158 3549 284 3602 cubiculo
304 3554 479 3621 opprimerer.
530 3552 653 3621 equidem
682 3566 763 3620 quum
781 3566 836 3602 uon
865 3549 990 3602 haberem
1026 3562 1078 3615 quo
1107 3562 1149 3597 me
1171 3546 1257 3598 oculis

159 3627 293 3673 verterem
318 3626 466 3677 evitaturus
486 3624 602 3676 divinam
629 3622 704 3675 illam
723 3624 799 3687 iram,
819 3636 887 3691 qnae
912 3621 945 3672 ob
964 3620 1121 3689 pravitatem
1138 3627 1257 3671 nostram

157 3705 208 3743 nos
226 3690 314 3744 adibat
332 3696 431 3749 vividis
456 3694 585 3749 minarum
610 3693 748 3747 coloribus
775 3708 919 3762 expressa,
937 3691 1047 3743 firmiter
1065 3688 1157 3755 pedes
1178 3689 1256 3740 humo

159 3760 313 3829 infimam,
331 3767 476 3833 trepidanti
495 3781 561 3820 vero
579 3775 668 3821 terrae
687 3764 819 3817 obsistere
838 3780 892 3816 uon
905 3770 1034 3831 poteram.
1072 3760 1171 3827 ubique
1191 3759 1257 3811 mihi

158 3847 203 3884 res
228 3831 309 3900 plena
335 3836 525 3889 sollicitudinis
553 3848 624 3902 οπεος
649 3839 719 3889 intra
744 3838 814 3887 enim
844 3833 914 3887 male
945 3850 988 3885 me
1014 3832 1142 3884 habebam
1166 3847 1256 3900 neque

160 3904 235 3955 exire
256 3905 364 3957 omnino
383 3910 411 3957 in
427 3915 542 3960 mentem
562 3911 655 3973 renit3
678 3908 746 3960 illud
767 3908 872 3975 quidem
890 3912 1034 3974 propterea
1054 3905 1125 3973 quod
1143 3906 1171 3955 in
1193 3905 1257 3955 vin-

160 3974 230 4027 culis
251 3990 322 4026 eram
343 3985 369 4028 ct
387 3985 450 4028 ante
468 3988 558 4045 portas
579 3981 693 4033 arbitros
712 3978 872 4042 metuebam,
892 3978 943 4028 boc
962 3991 1027 4030 vero
1049 3977 1119 4045 quod
1138 3976 1257 4027 divinum

159 4048 326 4115 propositum
351 4047 535 4117 intelligebam
561 4054 692 4104 neminem
719 4052 823 4104 evitare
849 4064 930 4117 poste
962 4066 1013 4102 nec
1033 4049 1077 4117 qui
1103 4048 1151 4099 sub
1177 4044 1256 4096 coelo

159 4118 277 4171 ambulet
294 4135 345 4171 nec
372 4120 417 4189 qui
441 4122 469 4171 in
496 4136 630 4175 carcerem
654 4123 770 4176 iniectus
799 4122 843 4175 sit.
866 4121 919 4189 ,ab
939 4122 996 4173 eius
1028 4120 1097 4171 euim
1118 4116 1257 4171 voluntate
1325 4144 1331 4157 ι

160 4192 248 4247 omnia
271 4193 404 4264 pendent,
423 4209 600 4267 quaecunque
631 4204 723 4266 aperte
748 4198 815 4249 liunt
840 4201 867 4247 et
894 4207 1069 4264 quaecunque
1093 4190 1121 4244 in
1145 4202 1256 4245 recessu
