3017 4759
315 237 400 350 ott
617 239 843 312 urcmuour
873 234 1114 306 onnoonsu·
1157 203 1162 212 '

315 403 372 472 καί
392 401 475 472 iotae
495 402 532 472 τό
562 405 625 471 τόν
651 403 842 487 θεοπρεπόν
860 393 1035 480 ,όνομόταν
1068 396 1190 479 πλῆθος
1210 400 1283 469 ταῖς
1308 393 1346 456 ε’ντ
1372 393 1441 456 ταῖν

244 543 265 588 ῃ
288 581 293 590 ‚
316 502 465 591 πτρότοον
485 507 545 570 τοῦ
564 504 681 570 κόκλου
704 500 783 588 πρὸς
798 524 828 569 τι
843 504 989 590 κέντρον
1008 499 1242 580 συναγομένους
1265 489 1437 571 εὐθείαις,

315 616 482 692 μοριοταίς
503 609 563 688 μὲν
586 599 697 678 οόσαις
716 600 856 687 ἔξωθεν,
879 600 914 667 τό
937 602 972 664 δὲ
990 603 1117 681 κέντρον
1136 595 1268 678 μερίσαι
1289 619 1339 677 μη
1372 595 1438 656 δυ-

295 713 479 792 ναμένακς,
499 705 582 775 α’λλό
605 710 748 793 μόλλονζ,
780 700 855 770 όσον
879 698 1029 788 ἐφικτόν,
1051 699 1256 782 όνιζομέναις.
1303 699 1340 760 ἐν
1366 695 1434 777 γὰρ

193 820 305 879 iiior.
296 813 352 898 api
373 812 518 898 θεαρίρ,
550 834 651 896 φησι,
672 812 729 893 τῆς
749 811 859 888 νοερᾶς
880 807 1029 892 φόσεας,
1062 799 1115 866 διό
1141 796 1176 865 τό
1209 799 1458 877 desereto-‘inm

312 913 370 996 τῆς
391 914 548 996 αἰσθητῆς
580 908 682 994 ου’τὴν
705 908 932 1026 καταληψερος,
952 905 1168 1019 στοχαστικαῖς
1198 904 1255 982 τῆς
1277 900 1434 970 διανοίας

316 1011 503 1096 ὀρεγομένης
523 1014 586 1075 τόν
608 1007 832 1095 ε’κφευγόντοον
852 1005 910 1093 τήν
932 991 1101 1090 αἴσθησιν,
1123 995 1212 1066 όλλοι
1235 993 1346 1074 ἄλλως
1380 1023 1435 1060 κι-

314 1110 458 1193 νοόμεθό
492 1135 525 1176 τε
554 1111 630 1231 περί
650 1107 685 1176 τό
722 1110 932 1194 ζητούμενον,
956 1110 1012 1171 καί
1031 1103 1109 1170 κατὰ
1135 1105 1191 1187 τὴν
1214 1103 1433 1184 ε’γγινομένην

315 1205 435 1301 ἕκόοτφ
458 1215 535 1298 περί
565 1209 599 1277 τό
625 1210 832 1292 ὑποκείμενον
854 1203 1066 1290 διόνοιαν,“
1048 1231 1132 1284 οπως
1164 1200 1203 1270 όν
1238 1194 1305 1267 οἷόν
1336 1193 1433 1286 τεῆ,

250 1311 350 1388 nard
376 1316 491 1398 νοηθὲν
512 1315 748 1397 ἐξαγγέλλομεν.
792 1309 808 1375 ό
831 1313 861 1376 δ’
882 1310 1013 1392 α’μαθης
1035 1309 1214 1425 Πμλαμᾶς
1218 1301 1272 1368 διό
1296 1300 1471 1384 γνώμηςςρ

167 1420 176 1458 l
316 1410 439 1478 α’τόπου
451 1415 712 1533 μοχθηροτέραν
716 1413 781 1492 ἕξιν
794 1410 882 1496 παρὰ
904 1415 1030 1495 φαυλον
1040 1432 1096 1484 τας
1117 1411 1180 1472 τῶν
1196 1400 1296 1488 ἁγίαν
1312 1400 1434 1526 ptinere

315 1516 554 1637 ποιησόμενος,
563 1539 620 1597 την
653 1516 712 1579 τοῦ
737 1516 816 1578 θεοῦ
836 1508 1046 1632 συγεκόκηοεν
1066 1510 1249 1594 έκκλησίαν,
1281 1503 1350 1566 ode
1369 1499 1433 1568 οἶδ’

317 1612 490 1700 όπόττρον,
520 1612 574 1680 εἴτ’
596 1606 683 1680 όντων
705 1615 827 1698 οἷγνοαῖν
848 1638 906 1698 την
936 1613 1063 1678 ἐκείνων
1085 1607 1238 1690 διάνοιαν,
1256 1604 1322 1672 εἶ”θ
1346 1601 1434 1670 ἑκών

314 1720 517 1802 βλασφημῶν
539 1741 593 1781 και
587 1713 649 1782 ’έν
670 1715 888 1797 όποκειμένοις
915 1739 967 1780 και
963 1711 1161 1798 διαφόροις
1182 1706 1368 1795 πρόγμασι,
1391 1707 1431 1774 τό

316 1814 460 1902 διάφορα
491 1818 555 1882 τόν
588 1820 714 1882 πολλῶν
742 1815 870 1881 ἐκείνων
890 1816 1078 1898 θιοπρεπαῖν
1111 1810 1271 1894 όνομότοον
1297 1811 1432 1894 σ’σεβαῖς
1441 1834 1469 1888 15

316 1915 546 2000 έκλαμβοὶνιον,
569 1921 626 1983 καί
656 1915 775 1994 πολλός
802 1916 858 1984 καί
873 1916 1053 2002 διαφόρους
1088 1917 1233 1980 ε’ντεόθεν
1254 1912 1432 1987 όκτίστους

316 2015 480 2103 κηρόττιον
498 2019 596 2096 θτοός
614 2021 670 2086 καί
682 2020 850 2104 θεότητος.
893 2017 969 2084 odet
988 2017 1049 2102 γὰρ
1074 2018 1148 2082 oe'dd
1160 2017 1191 2081 Γ
1189 2016 1346 2098 ρηγορίου
1371 2020 1431 2080 τοῦ

317 2115 461 2206 Νόοσης,
484 2120 528 2198 τός
549 2117 652 2203 ἔοικε,
673 2125 810 2204 desines
841 2119 987 2204 α’κηκοιν,
1009 2117 1052 2194 οἷς
1074 2111 1152 2184 όταν
1172 2116 1216 2199 μη
1240 2120 1321 2197 μιάν
1340 2109 1429 2182 εἶναι

316 2218 373 2305 την
393 2227 673 2309 προσκυνουμένην
705 2222 806 2308 φόσιν
836 2221 1051 2288 πιστεύσασιν
1080 2217 1110 2286 οἱ
1144 2215 1332 2304 ἅνθρωποι,
1355 2221 1430 2282 αλλ’

316 2323 362 2399 τίς
386 2320 733 2445 διαφόρουςθεότητας
755 2331 825 2400 ταῖς
844 2326 978 2399 έννοίαις
999 2321 1231 2404 α’πενεχθιόσιν,
1256 2319 1317 2384 ουκ
1336 2319 1464 2386 derivat

316 2418 467 2509 όστησετ
495 2421 556 2508 τὴν
576 2427 664 2526 περί
692 2423 728 2492 τό
765 2430 853 2492 θεῖον
886 2423 1047 2510 όπόληψιν
1076 2424 1254 2507 προϊοῦσαν
1285 2419 1343 2486 διό
1369 2444 1428 2540 της

316 2527 459 2646 κτίσεφς,
477 2522 559 2592 όλλό
578 2523 614 2592 τό
637 2529 790 2608 νομισθὲν
822 2530 857 2592 έν
877 2553 915 2615 τη
902 2529 1037 2592 κτίσει
1068 2522 1206 2590 θετον
1182 2546 1316 2641 αφορμη
1341 2521 1427 2606 πρός

316 2647 376 2708 την
402 2620 475 2712 ίσην
506 2623 690 2712 ὑπόληψιν
681 2629 740 2716 τῷ
770 2628 842 2710 μετ’
865 2629 964 2694 έκεῖνο
992 2627 1206 2714 θεωρουμένην
1234 2621 1426 2710 γενήσεται,

318 2894 464 3006 invisibilis
481 2941 587 3022 natura,
604 2951 659 2990 non
679 2951 789 3006 prorsus
809 2938 975 3008 incognitum
1005 2935 1086 2992 nobis
1104 2943 1237 3022 pntnmna.
1274 2942 1358 3022 utque
1379 2936 1424 2989 di

317 3008 442 3062 vinorum
460 3009 596 3061 nominum
614 3001 757 3064 multitudo
777 3009 872 3064 similis
894 3019 935 3075 est
955 3010 1061 3063 lineisa
1080 3007 1177 3062 dnibua
1189 3006 1313 3060 circuli
1305 3023 1334 3060 sn
1354 3024 1422 3060 oen-

317 3088 387 3133 trum
407 3087 483 3135 recta
501 3079 666 3146 conciliatis,
685 3097 755 3150 qnae
769 3082 899 3134 divisae
891 3097 967 3149 rpsae
980 3089 1063 3145 extre,
1084 3088 1204 3132 centrum
1223 3079 1348 3132 dividere
1367 3095 1421 3132 non

318 3159 441 3219 possunt.
479 3152 577 3203 etenim
601 3153 629 3203 in
657 3153 829 3220 disquirenda
858 3151 1027 3220 intelligibili
1053 3160 1164 3216 natura,
1190 3151 1316 3221 qnoniam
1342 3167 1421 3219 supra

319 3237 445 3275 sensuum
463 3223 666 3289 perceptionem
684 3225 773 3291 posita
792 3232 849 3289 est,
869 3233 957 3276 mente
976 3225 1009 3277 ud
1034 3239 1066 3276 ea
1092 3239 1168 3292 quae
1187 3238 1293 3276 sensum
1314 3221 1422 3292 fugiunt

319 3307 368 3361 per
387 3294 570 3358 coniecturam
596 3295 770 3362 percipienda
795 3303 896 3350 attenta
919 3293 966 3347 alii
991 3295 1072 3347 uliter
1096 3295 1282 3369 persequimur
1302 3294 1330 3346 td
1349 3295 1420 3362 qnod

319 3364 475 3450 quaerimus
500 3371 526 3416 et
544 3364 577 3504 ep
595 3366 725 3418 rationem
745 3368 779 3420 de
801 3366 923 3420 subiecto
943 3367 1041 3435 cuique
1059 3369 1190 3429 innatam,
1211 3365 1273 3433 quid
1294 3372 1323 3416 et
1342 3364 1420 3434 quale

318 3436 355 3487 sit
372 3435 401 3488 id
426 3434 497 3520 qnod
515 3450 547 3487 co
579 3438 703 3502 tacimus,
722 3439 893 3506 proferimus.
936 3439 1045 3507 ignarus
1064 3446 1152 3491 eutem
1171 3436 1290 3490 Palnmas
1311 3445 1420 3505 propter

316 3507 428 3575 ineptae
448 3507 583 3575 opinionis
601 3510 760 3575 pravitatem
780 3510 912 3577 corruptis
932 3518 1083 3562 sanctornm
1105 3507 1195 3562 verbis
1213 3509 1258 3561 dei
1277 3507 1419 3560 ecclesiam

318 3579 498 3647 perturbavit,
518 3580 611 3632 nescio
630 3594 686 3632 non
704 3590 835 3647 spontane
850 3581 988 3651 incognita
998 3580 1106 3633 illorum
1116 3581 1260 3644 sententia
1280 3595 1315 3630 an
1325 3588 1419 3646 sponte

317 3649 510 3704 maledicturus
537 3659 564 3703 et
589 3652 617 3703 in
642 3650 771 3704 subiectis
791 3661 818 3706 et
836 3653 918 3705 variis
945 3652 1025 3705 rebus
1044 3653 1120 3704 ναοῖο
1144 3650 1192 3703 illn
1215 3650 1304 3703 omnia
1330 3651 1419 3704 divina

286 3758 291 3762 -
317 3723 426 3775 nomina
446 3724 529 3791 impie
548 3721 701 3776 sublaturus
721 3732 748 3777 et
766 3723 864 3777 multos
883 3724 945 3776 inde
965 3723 1109 3792 variosque
1127 3723 1262 3776 increntos
1281 3725 1419 3775 nuntietu-

317 3805 363 3846 rus
385 3795 451 3846 deos
471 3802 498 3846 et
519 3794 643 3848 deitates.
680 3809 771 3863 neque
792 3796 899 3848 audisse
918 3795 1024 3848 videtur
1038 3796 1195 3864 Gregorium
1208 3794 1356 3860 llyssaennr
1378 3794 1419 3845 lo.

318 3866 503 3933 quentemesi
522 3881 575 3918 non
594 3881 672 3918 nnnrn
694 3883 755 3918 esse
776 3865 960 3919 venerabilem
984 3876 1104 3919 naturam
1122 3867 1264 3918 crederent
1289 3864 1419 3930 homines,

317 3935 364 3990 ted
384 3936 411 3987 in
429 3937 522 3988 varios
544 3936 657 3990 deitates
675 3939 840 4006 cogitatione
860 3937 1059 4002 distribuerent,
1076 3952 1131 3991 non
1150 3945 1222 3992 esset
1241 3937 1312 4004 qnod
1331 3938 1420 3988 notio-

320 4017 382 4059 nem
414 4007 458 4058 dei
483 4020 532 4074 per
551 4018 700 4062 creaturam
727 4010 905 4094 prodeuntem
929 4010 1114 4062 constitueret.
1157 4010 1205 4061 sed
1237 4007 1401 4062 creditum'
1394 4023 1419 4059 rn

317 4085 445 4132 creatnrn
463 4079 583 4132 divinum
602 4079 680 4147 iilud,
699 4080 860 4149 principium
881 4082 922 4146 ei,
944 4083 990 4166 qui
1008 4081 1040 4134 ad
1060 4082 1170 4135 eandem
1197 4080 1421 4132 existimationem

316 4147 385 4205 illud
403 4150 593 4222 disquisiturus
611 4159 669 4220 est,
688 4153 741 4208 init
760 4153 888 4208 continno
909 4161 937 4208 et
954 4153 982 4208 in
1000 4154 1090 4210 omnia
1109 4153 1188 4208 buitta
1209 4152 1421 4222 consequentiae
