3017 4759
231 222 456 315 maronias
476 240 738 313 ammentum
765 242 890 311 xxvii.
912 226 1102 312 at-aa.
1164 230 1235 310 sta

135 408 305 493 καδίλφην,
330 401 653 477 eonsummatos
676 400 823 493 νώνεινην
847 410 904 473 καί
924 404 993 489 δ’μα
1016 404 1159 493 υίδελφὴν
1179 408 1238 471 sni

137 514 199 575 τών
218 508 344 575 Μυοών
359 509 508 594 ἡγεμόνος
526 509 751 595 Ἀλεξάνδρου.
805 514 905 575 codro
921 513 966 599 τρῖ
983 510 1239 595 Καντακουζηνηῖ
1247 522 1302 576 ιθ

135 609 274 695 μαθόντι
307 615 350 701 τῷ
373 617 505 694 βασιλεῖ
525 612 669 676 θανάτου
691 608 793 698 φάναι
826 614 940 700 ιιολληῖ1
954 612 1159 693 σικροιίρους
1181 636 1240 673 κα-

136 717 213 799 θῆκε
242 711 366 799 φόβους
399 721 464 790 τοῖς
494 719 672 797 λογισμοῖς·
730 712 786 778 καί
814 712 1012 794 παραλαβών
1036 704 1158 777 Ἄνναν
1182 707 1240 795 την

112 818 256 883 δίκείνου
279 820 420 900 μητέρα,
449 820 646 900 εηραυμίνην
674 818 751 892 τέως
780 812 813 879 ἒν
840 812 1019 901 Βυζαντίῳ,
1043 817 1075 886 ἐς
1098 810 1156 895 την
1176 814 1239 878 τών

57 913 63 919 ’
138 910 259 998 δδηγών
294 913 391 1003 duplet
417 916 537 999 μονήν,
571 914 665 979 adasai
696 919 753 999 τῆς
781 920 873 992 θειας
910 913 1028 989 εἰκόνας
1059 912 1240 998 ἔμπροσθεν

137 1016 250 1082 αὐτίκα
269 1015 358 1098 μάλα
380 1013 497 1082 δώσειν
525 1016 729 1099 δαισχνεῑται
759 1018 803 1106 τῷ
828 1020 947 1102 ταύτης
967 1018 1026 1098 μὲν
1050 1015 1130 1102 υἱῷ,
1154 1040 1240 1098 γαμ-

135 1121 202 1206 βριβ
225 1120 261 1182 δὲ
283 1117 401 1202 αἰτοῦ,
432 1116 487 1181 τὸν
518 1113 644 1185 ἅκαντα
666 1122 783 1204 κλῆρον
803 1120 859 1203 τῆς
883 1115 1066 1200 βασιλείας,
1091 1116 1239 1204 α’φεμένιρ

136 1223 195 1299 μὲν
218 1216 275 1294 τοὶς
297 1223 355 1283 τοῦ
379 1220 494 1304 Κρώλη
515 1219 677 1303 συνθήκας
697 1223 837 1301 ὲκείνας,
860 1215 1028 1304 ἐληλυθότι
1061 1220 1090 1281 δ’
1113 1220 1146 1293 ἐς
1168 1222 1239 1284 Βυ-

95 1341 126 1396 1⁰
137 1316 262 1400 ζώντιον
283 1318 386 1395 εδθίις
413 1317 501 1403 νιαρώ
530 1318 589 1406 την
621 1321 753 1403 νόμιμον
782 1322 935 1405 σύζυγον,
967 1318 1062 1393 ουίὀς
1093 1321 1128 1382 δὲ
1150 1320 1240 1381 δυοῖν

134 1424 280 1505 θάτερον,
304 1414 324 1505 ἢ
346 1425 390 1511 τηῖ
405 1427 572 1512 Βυζαντίιρ
594 1422 648 1487 διαὶ
670 1428 745 1505 βίου
767 1425 975 1504 ἐνδιατρίβων
993 1420 1167 1502 βασιλικῶς
1185 1416 1241 1521 'ml

134 1522 234 1597 ου’τὸς
255 1521 295 1587 τώ
313 1523 412 1605 μέχρι
424 1526 632 1607 Σηλυμβρίας
650 1528 799 1589 ἐντεῦθεν
821 1526 950 1587 διοικεῖν
969 1520 1139 1603 πράγματα
1158 1542 1237 1583 κατα

56 1625 59 1629 ’
134 1620 260 1707 γνώμην
274 1626 334 1686 κου’
347 1627 507 1712 γαμβροῦ,
530 1617 549 1706 ἢ
570 1620 627 1686 τὸν
650 1622 785 1707 ἡσύχιον
807 1618 954 1703 ἑλόμενος
970 1623 1025 1686 καί
1044 1621 1236 1701 αἀροὶγμουα

133 1728 204 1806 βιόν
224 1722 304 1789 οἴκοι
323 1728 500 1808 καθῆσθαι.
550 1727 606 1788 καί
632 1717 700 1803 ἅμα
730 1722 889 1810 ἔγγραφον
919 1732 990 1789 ταῖν
1009 1729 1118 1805 χεροῖν
1140 1720 1239 1803 ου’τῆς

93 1826 269 1899 ιςὲνειίθει
288 1826 347 1908 την
367 1826 494 1911 γνώμην
515 1826 785 1911 φρικώδεστώταις
809 1819 915 1907 ὅρκοις
939 1825 1182 1911 ἠσφαλισμένην
1202 1840 1238 1884 τι

134 1928 188 1990 καί
210 1926 467 2009 α’νιαραλδγιστον
488 1925 547 2010 την
568 1926 746 2009 δαέραγνσν
762 1924 944 2010 θεομητορα
968 1930 1237 2009 προβαλλομένοις

134 2024 295 2110 ὂγγυητην.
345 2023 366 2113 ἢ
394 2029 425 2090 δ’
453 2026 557 2103 ου’θύς
588 2028 734 2091 α’νιιστεῑν
755 2030 882 2115 ου’δαμῇ
910 2026 1029 2109 ἔχουσα
1056 2022 1095 2090 ια’
1118 2048 1152 2087 τε
1176 2028 1240 2088 τών
1349 2023 1355 2073 ἶ

135 2119 235 2200 οὕτως
256 2126 393 2208 ἑχόντων
416 2126 585 2213 ἐγγράφων
608 2121 712 2211 ὅρκων
731 2131 841 2209 βιβλία
858 2122 995 2209 εἰλήφει,
1017 2124 1073 2187 καί
1091 2118 1159 2202 ἅμα
1182 2120 1239 2210 ὅλη

43 2250 51 2260 ·
133 2228 257 2314 σπουδῇ
279 2230 492 2293 κατέπλευσεν
514 2233 547 2303 ἐς
570 2230 824 2312 Θεσσαλονίκην,
854 2229 949 2291 κιίκεῖ
976 2228 1020 2313 τῷ
1050 2224 1110 2313 olai
1129 2221 1170 2287 soi
1193 2224 1241 2289 el·

90 2325 208 2403 wadre
229 2325 410 2411 ώμιληιιυῖα
431 2326 488 2393 καί
504 2326 579 2404 ταώς
595 2327 768 2415 φρικώδεις
792 2330 931 2405 ἐκείνους
956 2328 1161 2411 ε’μφανίσασα
1184 2319 1241 2409 ὅρ-

133 2450 226 2511 κους,
243 2432 318 2493 ,τών
339 2431 400 2493 τοῦ
422 2428 538 2515 Κρώλη
565 2432 735 2515 συνθηκῶν
763 2432 876 2505 τελέως
904 2429 1107 2511 ἀποσχέσθαι
1130 2426 1242 2489 alneo-

135 2550 188 2592 κεν
208 2523 320 2605 είιθδς.
1307 2605 1309 2610 Ι

241 2632 368 2700 Τοώιιον
386 2633 416 2698 δ’
443 2626 528 2701 otro
547 2638 734 2732 ¹ytroudsmc
761 2624 877 2721 ἧκινο*
911 2632 1135 2716 Παλαιολόγος
1161 2621 1308 2717 rigor„

137 2896 211 2947 esset
227 2891 289 2946 data
307 2888 411 2957 obside,
431 2888 517 2945 Graiis
535 2892 627 2947 uxoris
642 2907 763 2948 sororem
777 2892 805 2943 in
821 2888 1017 2943 matrimonium
1037 2886 1157 2951 duceret,
1179 2886 1240 2939 uir.

135 2965 226 3037 ginon]
253 2971 343 3016 aetate
371 2963 489 3016 nondum
522 2965 636 3017 adultam
664 2972 692 3018 et
716 2965 850 3032 llysorum
878 2960 954 3013 ducis
973 2957 1120 3012 Alexandri
1148 2956 1239 3031 liliam.

138 3038 208 3089 haec
226 3050 307 3105 quum
325 3036 477 3103 accepisset
499 3051 548 3089 rex
566 3036 770 3091 cantoennenus
798 3040 883 3085 morte
904 3040 934 3084 ut
952 3032 989 3082 ita
1010 3030 1094 3081 dicam
1114 3028 1240 3080 acerbio-

133 3122 281 3160 τοιουτου
308 3108 422 3160 animum
442 3109 500 3160 sins
527 3110 692 3161 invaserunt.
740 3102 899 3173 Palaeologi
924 3110 1042 3155 anutrem
1069 3104 1171 3156 Annam
1191 3100 1240 3153 illo

136 3186 259 3246 tempore
279 3178 400 3246 Byzantii
421 3178 577 3232 custoditam
595 3180 711 3232 accersit
730 3187 758 3231 et
778 3193 836 3231 cnm
858 3176 907 3228 hac
919 3174 1089 3243 llodegornm
1104 3181 1241 3224 monaste.

136 3252 206 3303 rium
224 3247 288 3301 adit.
326 3250 370 3302 hie
394 3260 456 3304 anto
482 3260 590 3304 sanctae
614 3252 706 3302 matris
732 3249 902 3303 simulacrum
930 3246 1006 3300 illico
1034 3263 1064 3298 se
1089 3246 1163 3297 illius
1185 3245 1241 3297 lilio

138 3336 243 3391 susque
261 3336 364 3390 genero
384 3331 505 3375 cunctam
524 3338 612 3376 reram
629 3322 884 3376 administrationem
904 3320 1057 3372 traditurum
1077 3334 1137 3369 esse
1156 3316 1242 3383 polli-

138 3401 231 3457 cetar,
256 3394 279 3444 si
303 3392 389 3447 cralis
417 3404 522 3462 pactum
548 3396 597 3448 ille
617 3395 740 3447 solveret
766 3403 793 3447 et
814 3393 971 3461 Byzantium
998 3396 1182 3443 reverteretur
1209 3389 1242 3441 ad

137 3478 250 3516 uxorem
269 3464 424 3527 legitimam.
467 3466 574 3519 sibimet
591 3468 643 3536 ipsi
664 3482 729 3519 sero
761 3464 854 3518 horum
881 3462 1038 3517 alterutrum
1057 3462 1176 3529 expetit:
1197 3467 1243 3511 ant

136 3543 169 3587 nt
186 3532 310 3600 Byzantii
332 3551 391 3590 cum
410 3538 530 3590 victitet
550 3539 624 3592 cultu
644 3539 719 3608 regio
740 3546 856 3592 aemtem
878 3550 960 3605 agere
988 3541 1015 3585 et
1033 3548 1118 3600 nsque
1139 3529 1171 3582 ad
1190 3528 1242 3582 Se.

137 3604 280 3673 tymbriam
301 3623 334 3659 ex
352 3610 448 3676 generi
467 3624 599 3664 consensa
618 3627 661 3663 res
681 3610 882 3673 administrare,
902 3614 947 3659 aut
966 3604 1036 3674 quod
1057 3603 1188 3671 reliquum
1208 3602 1243 3653 sit

137 3679 214 3731 vitae
232 3676 303 3728 dorni
323 3680 351 3731 in
370 3683 425 3733 otio
451 3698 483 3734 ac
502 3684 593 3750 quiete
618 3698 701 3753 agere
726 3682 778 3735 sibi
806 3680 976 3732 concedatur.
1021 3675 1143 3744 hancque
1168 3690 1243 3726 suam
1347 3698 1358 3717 ι

137 3748 301 3801 sententiam
320 3751 491 3805 iureiurando
515 3754 665 3807 firimssimo
696 3762 723 3804 et
748 3762 818 3806 teste
837 3751 979 3804 verissimo
1005 3748 1172 3801 sanctissima
1199 3746 1243 3797 dei

136 3828 224 3873 matre
242 3820 367 3872 sancitam
386 3822 484 3876 litteris
503 3826 607 3879 mandet
627 3834 653 3878 et
666 3826 760 3879 Annae
779 3824 867 3876 tradit.
904 3822 972 3873 haec
984 3828 1073 3872 antem
1091 3820 1162 3870 omni
1181 3834 1243 3870 sus.

137 3892 249 3963 picione
268 3890 374 3944 abiecta
391 3892 495 3947 litteras
509 3912 567 3948 com
583 3898 756 3950 iureiurando
775 3894 824 3948 illo
844 3895 949 3961 accepit
969 3899 995 3944 et
1014 3907 1089 3960 quam
1110 3893 1243 3943 ocissume

138 3963 282 4033 navigavit
302 3962 527 4018 Thessalonicam.
565 3967 610 4019 nbi
629 3984 708 4037 quum
728 3968 785 4020 illio
805 3966 958 4037 quassatis
980 3971 1055 4017 erant
1075 3963 1244 4029 exposuisset

140 4043 169 4087 et
186 4035 364 4088 firmissimum
384 4034 450 4089 illud
467 4036 647 4092 iusiurandum
661 4040 822 4105 tradidisset,
841 4037 923 4091 facile
942 4052 1001 4089 cum
1019 4044 1049 4089 nt
1060 4034 1145 4090 Graiis
1163 4037 1241 4100 pacto

139 4108 297 4172 abstineret,
316 4108 458 4174 persuasit.

143 4210 147 4218 ’
240 4193 289 4253 ilis
306 4195 344 4249 ita
363 4196 441 4254 laetis
465 4196 644 4273 l’alseologns
667 4202 779 4272 propius
804 4196 1020 4270 Didymotiolmn
1047 4194 1185 4269 protectus
1202 4192 1244 4249 est
