3017 4759
267 170 315 244 ro
565 178 788 245 urnmnom
817 145 1047 258 canaonas

265 363 326 403 τιον
346 342 556 405 παντοδαπῶν
584 340 639 405 κατ’
656 334 723 423 ἅμα
738 340 858 404 πόλεων
880 340 934 404 κατ’
955 344 1100 422 λιμένων,
1120 342 1175 406 καί
1195 339 1266 404 οἵαν
1289 343 1373 405 ἕκα-

264 464 325 503 στα
348 438 465 505 τούτων
485 439 552 524 ἔχει
567 441 623 527 την
645 445 736 505 θέσιν
752 438 832 524 πρός
844 466 878 505 τε
901 437 1023 524 ἄλληλα
1042 441 1096 504 καί
1117 433 1188 505 ὅλον
1199 438 1233 505 τὸ
1254 445 1371 523 σχῆμα

95 616 97 621 ,
143 540 162 595 f·
181 541 214 597 97
230 544 319 624 bric
341 546 407 625 γῆς,
430 536 484 605 ὅτε
499 545 538 629 τῇ
560 545 615 625 τῆς
631 542 861 625 α’στρονσμικῆς
878 544 902 581 “
918 541 1090 625 ἐπιστήμης
1104 546 1197 629 χρείρ
1218 544 1371 625 μεγίστην

264 641 467 726 παρεχόμενα
488 640 755 726 τῆνσαντὲλειαν.
811 640 885 707 tet
905 666 946 723 με
977 641 1100 706 πάντων
1124 644 1266 722 μάλιστα
1290 644 1370 705 ἐπε-

264 740 362 805 πείκει
384 742 437 807 τὸν
459 740 593 809 ἔκπλουν
615 744 824 827 ἐπιταχῦναι,
847 740 887 808 τα’
910 767 943 808 τε
964 745 1016 826 τῆς
1039 744 1205 827 ἐκκλησίας
1219 742 1399 825 accurras

249 832 312 926 'sitq
335 840 389 906 καί
408 836 469 907 ὅσα
490 852 553 919 τοῖς
576 850 743 919 πολιτικοῖς
764 843 888 931 ἐπεφύη
905 845 1077 926 τηνικαῦτα
1091 838 1258 939 νοσήματρι
1278 844 1367 926 πρά-

263 968 362 1028 γμασι
384 942 504 1009 τούτων
526 970 560 1028 γε
582 948 682 1010 ἕνεκα.
736 937 782 1020 οἷς
802 942 863 1029 γαρ
887 944 957 1008 τότε
993 943 1133 1023 μάλιστα
1154 942 1279 1008 πάντων
1297 944 1367 1007 σολ-

246 1044 330 1124 ,ζειν
362 1046 436 1127 ἐνῆν
467 1043 506 1109 τοὶ
537 1047 591 1129 τῆς
613 1050 771 1121 πολιτείας
799 1046 986 1129 πράγματα,
1006 1047 1107 1108 ταῦτα
1134 1041 1204 1108 τότε
1224 1042 1366 1124 μάλιστα

265 1143 391 1209 πάντων
427 1145 575 1227 η’λαύνετο
609 1148 664 1209 καί
694 1146 823 1231 σφόδρα
853 1149 1021 1227 δυστυχῶς
1044 1146 1200 1225 διέκειτο,
1224 1147 1303 1226 λέγω
1325 1141 1364 1227 δι)
1408 1175 1413 1187 ·

265 1241 304 1309 τοὶ
326 1247 382 1328 τῆς
400 1247 564 1327 ειῖσεβειάς
580 1249 770 1331 πράγματα·
810 1246 954 1329 ,δόγματα
969 1244 1031 1328 γὰρ
1056 1248 1287 1329 ἀλλαττομένης
1308 1270 1366 1328 τη.
1379 1251 1416 1309 10

196 1371 197 1374 ’
240 1348 400 1410 ’νικαῦτα
423 1348 560 1430 ἐκείνης,
592 1346 632 1411 τοὶ
655 1346 834 1430 Παλαμικσὶ
857 1344 978 1431 δηλαδὴ
1000 1350 1064 1411 τῶν
1086 1352 1245 1429 πατρίων,
1268 1368 1367 1430 πονη-

266 1446 329 1530 ρῶς
350 1441 418 1529 εἶχε
438 1446 473 1511 τὸ
497 1454 591 1530 σῶμα
613 1454 667 1533 τῆς
692 1454 864 1529 πολιτείας,
898 1451 951 1512 καί
970 1449 1077 1512 πᾶσαν
1099 1444 1219 1531 ἔφραζε
1241 1450 1368 1529 χαίρειν

265 1546 379 1611 ἐλπίδα
395 1550 553 1633 χρηστήν·
597 1547 631 1613 τὸ
654 1549 715 1634 γὰρ
734 1548 887 1635 φορτικὸν
910 1547 964 1612 καί
983 1548 1108 1628 α’μαθὲς
1132 1549 1197 1610 τῶν
1218 1547 1367 1631 ἡγεμονι-

265 1649 329 1711 κῶν
351 1641 475 1731 estest
506 1650 606 1733 orirq'v
629 1674 661 1713 τε
689 1650 904 1734 ἐκαπήλευσεν
937 1652 1076 1739 α’σελρῶς
1104 1645 1160 1731 τήν
1197 1646 1366 1731 ἀλήθειαν,

266 1748 320 1810 κατ’
341 1748 556 1834 ἀπαραίτητος
590 1752 697 1815 ἵστατο
716 1748 872 1832 κολαστὴς
902 1751 956 1833 τῆς
979 1748 1075 1834 μόνης
1096 1750 1415 1829 amittebamus-15
1497 1749 1498 1830 l

265 1870 321 1929 νης
342 1842 408 1911 τότε
430 1846 462 1912 τό
484 1852 571 1930 γένος
596 1848 732 1925 ἐλπίδος,
788 1843 861 1913 ὅθεν
893 1852 1163 1935 ζωγραφοτιμὲνην
1195 1852 1228 1914 ἑν
1254 1844 1367 1925 τύποις
1497 1855 1498 1868 ’

266 1944 315 2011 ἔτι
336 1944 393 2030 την
414 1952 513 2013 θείατ’
524 1953 650 2030 βλέπων
673 1947 793 2033 σ’ργὴν,
815 1950 869 2014 κατ’
888 1944 954 2016 οἷον
977 1953 1011 2014 ὲν
1031 1947 1225 2034 σπαργάνοις
1247 1947 1295 2014 ἔτι
1316 1948 1371 2014 καί

265 2046 378 2130 μοι’λαξι
398 2053 620 2135 κροπτομένην,
640 2053 697 2135 γῆν
721 2048 933 2117 α’λλᾰττεσθαι
954 2055 1009 2134 γῆς
1027 2048 1160 2131 ε’νόμισα
1183 2054 1249 2115 δεῖν
1263 2050 1369 2134 ,πρίν

268 2150 301 2211 ἐν
330 2144 438 2222 ὅπλοις
474 2145 648 2234 ὑπαίθροις
682 2153 934 2238 στρατευομένης
965 2149 1045 2215 κατὰ
1082 2150 1143 2213 τῶν
1175 2146 1369 2214 ἀδικούντων

269 2246 366 2333 αὐτῆς
387 2253 582 2345 πειραθῆναι
599 2251 840 2337 κραταιότερον·
883 2250 1002 2340 χρόνον
1027 2253 1117 2337 [γὰρ]
1141 2250 1193 2314 αἰεί
1212 2253 1414 2333 etoquia-20

267 2352 346 2413 σθαι
377 2349 443 2413 δεῖν
473 2344 534 2439 ὅτιρ
555 2354 629 2426 νοῦς
664 2362 809 2417 συνοικεῖ
832 2361 1022 2439 σωφρονῶν,
1044 2352 1099 2415 καί
1126 2350 1170 2434 μη
1197 2352 1296 2437 καιρῷ
1316 2355 1369 2417 κατ’

268 2445 382 2545 τύχαις
396 2458 598 2534 προσομιλεῖν
612 2456 764 2536 οέβίβαισν
777 2457 977 2537 κεκτημέναις
989 2457 1146 2533 θεμέλιον,
1166 2454 1223 2517 καί
1234 2452 1369 2532 μάλισθ’

269 2543 322 2611 ὅτε
346 2553 455 2635 ψυχῆς
478 2552 644 2618 α’θαναίτοο
659 2552 797 2630 θάνατος
813 2548 974 2629 ἀθάνατος
995 2554 1199 2636 αι’κονομοῖτο,
1221 2552 1302 2635 μηδὲ
1326 2553 1370 2637 τη]

229 2879 248 2898 ’·
268 2875 373 2933 tempus
392 2868 551 2933 optaverim,
574 2873 602 2917 ut
620 2880 663 2918 res
686 2866 771 2916 omnia
793 2866 902 2934 generis
926 2864 1059 2932 urbesque
1080 2880 1111 2915 ac
1132 2871 1224 2932 portus
1242 2866 1368 2929 viserem,

273 2946 302 2989 et
315 2940 460 3007 'quemnam
483 2954 574 2991 eorum
597 2938 714 3005 quidque
738 2935 849 2988 haberet
871 2937 950 2988 situm
969 2938 1038 2987 inter
1059 2952 1090 2987 se
1117 2945 1143 2987 et
1163 2937 1195 2987 ad
1214 2943 1295 2987 totam
1312 2945 1369 2989 ter.

270 3026 316 3062 rae
335 3010 430 3081 faciem
454 3024 655 3077 cognoscerem,
675 3010 776 3077 quippe
797 3023 876 3076 quum
894 3008 921 3058 id
932 3007 1074 3074 plurimum
1088 3008 1209 3059 conferat
1225 3008 1258 3059 ad
1279 3009 1369 3059 scien.

270 3083 333 3133 tiam
351 3083 556 3133 astronomicam
578 3080 775 3146 perficiendam.
822 3078 893 3147 quod
915 3086 1002 3129 autem
1020 3080 1162 3146 plurimum
1180 3094 1238 3143 me,
1258 3087 1287 3129 ut
1306 3094 1370 3145 pro.

273 3152 418 3204 lectionem
438 3150 628 3213 accelerarem,
643 3150 840 3215 adhortabatur,
860 3149 993 3202 ecclesiae
1019 3161 1074 3203 erat
1092 3151 1259 3218 naufragium
1281 3150 1370 3217 etqui

273 3222 336 3274 inde
354 3222 434 3273 rebus
453 3221 568 3288 publicis
588 3222 798 3274 adnascebantnr
816 3222 911 3273 morbi.
950 3223 1021 3289 quod
1041 3223 1110 3273 enim
1128 3230 1182 3272 tum
1194 3222 1239 3273 vel
1258 3222 1370 3272 maxime

270 3292 437 3359 reipublicae
465 3301 559 3345 statum
593 3310 702 3346 servare
718 3295 824 3360 potuit,
853 3294 879 3344 id
904 3293 1314 3358 vehementissime,vexabatur
1346 3299 1371 3342 et

271 3365 387 3432 pessime
406 3364 553 3429 laborabat,
573 3366 632 3416 dico
652 3366 821 3433 religionem.
844 3380 912 3432 quae
938 3381 1016 3433 quum
1038 3372 1211 3416 commutaret
1229 3373 1283 3415 tum
1302 3364 1370 3430 dog-

270 3443 339 3489 mata
356 3434 478 3487 Palamae
510 3449 568 3487 cum
592 3438 625 3487 iis
654 3453 723 3505 quae
751 3452 766 3487 a
792 3436 909 3504 patribus
929 3436 1008 3487 nobis
1029 3436 1123 3487 tradita
1151 3443 1231 3500 sunt,
1255 3435 1370 3487 civitatis

272 3522 369 3574 corpus
390 3522 472 3573 aegre
501 3508 624 3559 allectum
645 3518 701 3560 erat
721 3507 876 3577 nullamque
903 3508 1012 3574 probam
1034 3522 1108 3573 spem
1126 3522 1191 3573 prae
1210 3504 1240 3559 se
1260 3505 1369 3557 ferebat.

271 3578 393 3630 homines
413 3579 482 3628 enim
504 3580 621 3647 quitum
640 3580 719 3633 rebus
749 3587 906 3647 praeerant,
932 3596 983 3647 qua
1005 3586 1080 3630 erant
1099 3577 1205 3630 sordida
1226 3586 1253 3629 et
1271 3576 1371 3627 inculta

271 3651 352 3701 animi
370 3648 472 3712 indole,
494 3651 634 3701 veritatem
653 3653 736 3719 ipsam
760 3651 988 3718 impudentissime
1009 3650 1182 3702 venditabant
1200 3656 1228 3699 et
1244 3650 1370 3699 inexora-

270 3720 340 3772 biles
368 3727 442 3771 crant
460 3723 634 3791 castigatores
664 3724 740 3789 spei,
767 3739 835 3790 quae
857 3731 910 3771 tum
935 3723 1016 3772 unice
1036 3737 1120 3789 genus
1147 3736 1257 3772 servaro
1276 3720 1369 3786 potnit.

271 3806 324 3860 qua
342 3792 369 3841 in
390 3806 420 3841 re
446 3808 524 3859 quum
543 3794 607 3844 iram
638 3766 753 3845 divinam
780 3795 872 3861 primis
895 3792 1063 3846 lineamentis
1089 3792 1268 3844 adumbratam
1294 3798 1371 3856 atque

272 3862 359 3915 veluti
377 3864 545 3916 incunabulis
570 3864 772 3919 delitescentem
799 3880 830 3915 ac
859 3863 1003 3915 lactentem
1025 3865 1159 3927 viderem,
1191 3872 1286 3914 terram
1314 3875 1371 3911 cum

270 3944 341 3987 terra
363 3934 427 3984 mibi
448 3937 655 3987 commutandam
683 3951 742 3992 ease
768 3936 892 3998 decrevi,
919 3943 1058 4003 antequam
1087 3951 1143 3988 eam
1170 3935 1248 3986 armis
1274 3931 1372 3998 apertis

270 4006 404 4074 improbos
424 4008 554 4058 acerrimo
574 4008 673 4075 impetu
699 4008 868 4058 invadentem
903 4009 1050 4074 experirer.
1087 3995 1166 4058 borno
1187 4007 1256 4056 euim
1278 4003 1372 4055 corda-

265 4086 315 4133 tus
337 4078 512 4149 prudentique
534 4080 620 4131 annno
654 4080 788 4147 praeditus
805 4080 931 4147 temporis
952 4081 1080 4133 rationem
1101 4094 1233 4147 nunquam
1251 4092 1306 4129 non
1326 4074 1373 4126 ha.
