3017 4759
701 173 710 198 θ

258 280 766 381 ursaonman'rztnrmtn
784 314 892 431 xxx..
902 294 972 379 λλ.
1010 293 1079 379 λθ.
1154 302 1228 377 aaa

132 492 203 539 ναι·
248 475 323 539 ον’όὲ
347 473 408 558 γάρ
442 474 536 559 φόοει
567 483 632 556 τοῖς
652 472 819 559 πράγμασι
849 472 889 539 τά
913 473 1067 554 όνόματα,
1092 474 1146 537 ναί
1164 469 1229 555 μην

130 574 205 638 ου’όὲ
229 573 336 660 φόσις,
362 571 442 637 atad
464 573 544 639 κατά
568 575 727 661 συνθη’κην
750 574 804 640 καί
817 575 1007 660 συμφωνίαν
1029 574 1230 653 άνδράνσυ-

128 678 223 739 νετάν
238 665 448 759 ε’πιγίγνοντάι
467 684 530 753 τοῖς
549 677 731 758 πράγμασιν
747 674 780 740 αἱ
795 674 988 760 σημαντικαί
1000 678 1062 739 ταῖν
1081 668 1228 757 πραγμά-

129 800 191 839 των
208 778 416 862 προσηγοριάι
439 776 516 841 κατά
540 775 595 841 τόν
620 781 775 841 Νυσσαέα
797 780 827 843 Γ
825 776 981 860 ρηγόριον.

102 882 119 935 5
228 880 291 942 Act*
309 876 368 960 γάρ
401 875 436 941 ἔκ
468 902 501 942 τε
533 879 596 943 τάν
628 873 793 961 ἡμετέρων
817 876 872 941 καί
902 873 971 957 ἅμα
993 878 1057 941 τάν
1080 873 1294 957 θόραθενῃ

128 980 250 1061 σοφοῖν,
272 980 430 1061 σόμφωνα
453 980 680 1064 φθεγγομένων
704 981 738 1041 ἐν
756 987 827 1053 ταῖς
849 982 910 1044 τάν
933 976 1034 1060 λόγων
1054 978 1349 1062 interimo-mdiv.

128 1088 229 1154 νικαῖς
260 1078 454 1161 ἀκριβείαις,
484 1084 525 1166 τῷ
548 1079 675 1159 α’μαθεῖ
698 1080 755 1162 την
778 1079 988 1163 προπαίδειάν
1009 1102 1058 1144 σοι
1082 1079 1137 1163 τῆς
1157 1101 1227 1142 τοι-

131 1178 228 1261 αότης
251 1176 422 1262 προσάγειν
452 1183 670 1262 διδασκαλίας,
692 1180 735 1253 τός
758 1176 798 1243 άυ
826 1173 909 1245 οότω
932 1184 1141 1265 δυνηθείημεν
1164 1181 1226 1261 ditas

127 1280 203 1359 γοῦν
223 1284 416 1344 καθικέσθαι
437 1287 492 1364 τῆς
515 1283 640 1364 σαθρᾶς
664 1285 719 1345 κατ’
740 1282 964 1366 άμαθεοτάτης
993 1306 1052 1345 σου
1076 1282 1225 1356 διανοίας.
1281 1346 1283 1358 ,

86 1396 119 1449 10
130 1389 233 1462 τεῖχος
253 1378 352 1462 γάρό
380 1385 479 1463 μέγας
511 1377 598 1448 εἶναι’
618 1409 697 1467 φησι
726 1388 897 1457 Βασίλειος
925 1390 992 1456 τοῖς
1017 1384 1152 1464 δόγμασι
1174 1386 1227 1463 τῆς

127 1487 191 1546 τῶν
213 1483 358 1563 θύραθεν
389 1481 563 1567 ἐπιστήμης
592 1484 651 1567 τὴν
673 1480 820 1564 δόναμιν,
854 1476 912 1546 οόκ
934 1484 1037 1547 εἰόσαν
1060 1482 1139 1545 αδτά
1162 1488 1227 1557 τοῖς

129 1587 335 1663 βουλομένοις
356 1583 504 1649 statarii
518 1608 551 1647 τε
568 1588 623 1647 κατ’
643 1582 864 1667 εόδιάρπαστα
892 1584 1047 1666 γίνεσθαι.
1089 1581 1142 1645 καί
1164 1574 1228 1643 αδ-

126 1686 179 1754 θις
198 1679 214 1745 ό
233 1686 322 1756 θεῖος
348 1684 580 1763 Χρυσόοτομος
594 1679 691 1747 “όταν
712 1688 788 1767 περὶ
808 1682 972 1765 δόγματα”
994 1684 1075 1766 φησί
1088 1680 1185 1767 “νοσῇ
1207 1680 1226 1763 ἦ

131 1779 223 1863 ψυχή
247 1779 286 1845 τά
311 1782 403 1865 νόθα,
428 1780 526 1865 πολλὴ
548 1785 607 1846 τοό
630 1779 723 1866 λόγου
746 1786 887 1847 ἐνταῦθα
913 1781 1059 1865 ἦχρειά,
1085 1781 1125 1843 ου’
1147 1778 1225 1861 πρός

84 1893 116 1947 15
128 1878 186 1963 την
208 1884 270 1946 τάν
292 1884 415 1947 οἰκείων
438 1882 618 1968 α’σφάλειαν
632 1887 738 1967 μόνον,
771 1882 851 1948 α’λλά
878 1887 933 1947 κατ’
956 1881 1033 1965 πρὸς
1054 1879 1128 1956 τούς
1148 1877 1225 1958 ἔξω·

128 1987 187 2045 θεν
218 1982 405 2063 πολέμους.”
457 1988 512 2048 καί
530 1979 627 2061 αὖθις
649 1987 665 2048 ό
691 1992 779 2060 θεῖος
802 1984 954 2066 Μάξιμος
980 1979 1082 2065 -““δι’γα
1102 1984 1226 2063 λογικῆς

128 2080 293 2162 δυνάμεως
316 2084 559 2169 ἑπιστημονικι)”
578 2087 660 2170 φησί
672 2082 809 2167 “yoniam
825 2087 883 2147 οόκ
905 2082 993 2167 ἔστι,
1014 2082 1068 2145 καί
1082 2081 1224 2164 γνώσεως

126 2187 229 2267 χωρίς
249 2185 289 2246 ου’
307 2191 492 2249 συνιστάναι
515 2186 647 2262 πίστις.”
688 2182 766 2271 όρρῖς
785 2183 819 2249 τό
842 2188 905 2248 τάν
927 2188 992 2248 σάν
1011 2184 1226 2267 βλασφημιῶν

128 2282 237 2365 αἴτιον,
271 2280 439 2365 άνθρωπε·
492 2288 587 2350 oridia
620 2284 684 2369 γάρ
712 2284 821 2368 ἕτερον
853 2280 874 2367 ἢ
901 2277 1025 2357 πάντως
1058 2282 1077 2364 ἦ
1104 2278 1226 2345 τοότων

83 2378 261 2467 γοάγνοια,
291 2391 370 2468 λέγω
401 2386 440 2470 δη
467 2385 523 2470 νην
554 2392 616 2450 ταῖν
640 2386 788 2467 θόραθεν
810 2385 864 2449 καί
891 2389 954 2450 ταῖν
976 2384 1138 2469 ἡμετέρων
1160 2375 1228 2462 όμα

129 2489 240 2570 σοφῶν
268 2490 324 2551 κατ’
350 2487 508 2571 θεολόγων
544 2489 669 2570 άνδράν
703 2484 887 2573 ἐπιστήμην.
937 2480 975 2570 ἣν
1004 2481 1175 2567 α’γνοοόντά
1192 2506 1228 2546 σε

68 2664 71 2667 Α
130 2588 188 2649 νόν
208 2589 286 2670 γοῦν
308 2589 501 2673 διδαχθῆναι
523 2586 628 2674 χρεάν
649 2591 805 2654 ἐνταυθοῖ
820 2594 895 2674 παρ’
916 2587 1015 2673 ἡμῶν.

129 2901 281 2955 nominibus
301 2909 328 2954 et
346 2901 437 2954 verbis
451 2901 536 2965 mixti,
555 2900 727 2970 nequeenim
746 2902 842 2970 gignet
858 2900 938 2953 rebus
956 2900 1063 2952 nomina
1077 2900 1135 2952 ullo
1151 2900 1227 2953 modo

129 2989 164 3025 ne
182 2982 277 3024 natura
296 2973 412 3039 quidem,
431 2972 478 3023 sed
498 2988 530 3023 ex
552 2974 752 3031 convenientia¹
765 2980 791 3023 et
811 2973 989 3023 consensione
1008 2971 1142 3023 hominum
1161 2987 1227 3038 pru.

127 3046 237 3168 gentum
262 3044 383 3095 oriuntur
409 3043 489 3094 rebus
509 3045 617 3095 nomina
646 3060 690 3097 res
713 3044 891 3112 significantia
919 3042 1062 3095 secundum
1084 3043 1229 3111 Gregoram
1257 3061 1262 3069 ¹

153 3130 285 3180 yssaeum.

227 3213 275 3265 Est
304 3215 375 3265 enim
402 3228 469 3281 opas
495 3231 509 3267 e
538 3216 686 3280 sapientum
714 3212 856 3280 quiaapud
881 3227 930 3264 nos
957 3220 984 3263 et
1011 3212 1080 3279 apud
1100 3219 1226 3264 externos

131 3292 193 3338 sunt
214 3286 444 3337 consentientibus
461 3288 489 3336 in
508 3286 645 3337 literarum
666 3283 814 3335 subtilitate
832 3285 909 3335 dictis
928 3284 974 3335 tibi
987 3284 1120 3336 inerudito
1143 3284 1228 3334 adda.

129 3373 194 3408 cere
212 3358 443 3423 praeparationem
457 3357 587 3407 eiusmodi
608 3356 792 3419 institutionis,
815 3364 843 3404 ut
857 3355 908 3405 hoc
924 3356 1001 3407 modo
1017 3356 1147 3421 possimus
1166 3362 1227 3421 tan.

129 3429 187 3479 dem
215 3427 357 3495 aliqnando
382 3438 494 3492 tangere
524 3434 639 3477 mentem
676 3433 746 3477 tuam
780 3426 899 3478 obtusam
931 3435 957 3478 et
985 3427 1226 3479 ineruditissimam.

129 3502 230 3548 munim
249 3501 318 3549 enim
339 3500 488 3568 dogmatum
508 3497 624 3550 Basilius
642 3512 752 3564 magnus
773 3513 832 3549 esse
853 3498 917 3549 dicit
936 3506 1105 3550 externorum
1125 3496 1227 3547 doctri

129 3583 181 3619 nae
201 3570 270 3632 vim,
290 3585 358 3637 quae
377 3586 431 3621 non
451 3572 521 3622 sinat
540 3585 571 3621 ea
596 3568 752 3636 aquoiibet
778 3570 908 3636 exagitari
928 3576 955 3619 et
979 3569 1068 3634 diripi,
1089 3575 1115 3618 ct
1136 3581 1226 3618 rursus

131 3639 336 3704 chrysostomus
362 3643 479 3693 divinus.
523 3658 581 3691 cum
609 3657 642 3691 ex
667 3641 812 3708 dogmatis,
844 3641 946 3709 inquit,
976 3645 1097 3704 aegrotat
1124 3639 1225 3687 animus

131 3710 240 3775 spuriis,
259 3718 313 3761 tum
335 3726 446 3779 magnus
465 3713 601 3763 literarum
624 3719 664 3762 est
684 3726 762 3775 usus,
788 3727 842 3762 non
870 3710 956 3761 solum
975 3717 1067 3760 contra
1087 3698 1226 3759 infirmita-

130 3789 184 3832 tam
203 3780 373 3831 domesticam
394 3784 439 3833 sed
460 3785 538 3833 ctiam
558 3791 651 3834 contra
671 3783 800 3833 tumultus
820 3790 964 3833 externos:
986 3787 1013 3831 et
1031 3794 1121 3831 rursus
1141 3780 1226 3831 maxi-

130 3867 188 3904 mus
207 3852 333 3915 divinus,
363 3854 422 3903 sine
440 3853 576 3903 literarum
605 3856 648 3918 vi,
668 3855 771 3920 inquit,
789 3868 844 3903 nou
864 3855 948 3904 oritur
967 3866 1031 3903 vera
1051 3852 1179 3920 cognitio,
1200 3856 1228 3901 et

130 3926 190 3978 sine
210 3924 366 3990 cognitione
381 3937 435 3974 non
455 3926 578 3974 consistit
596 3926 669 3976 fides.
718 3926 795 3975 vides
814 3926 864 3975 iam
890 3923 1104 3975 maledictionum
1124 3932 1226 3974 tuarum

130 4010 246 4057 cansam,
265 3994 361 4058 amice,
382 3993 435 4044 alia
455 3996 524 4044 enim
548 4003 588 4045 est
605 3995 680 4046 nulia
705 4011 781 4063 quam
807 3997 915 4046 omnino
940 3996 1090 4063 ignorantia
1109 3993 1226 4055 iliorum,

129 4067 190 4118 dico
212 4067 336 4117 nimirum
356 4066 474 4116 virorum
494 4065 539 4131 qui
558 4067 627 4131 apud
646 4074 772 4116 externos
794 4073 820 4116 et
838 4068 907 4133 apud
931 4081 980 4117 nos
999 4074 1060 4117 sunt
1078 4066 1226 4130 sapientum

130 4146 158 4189 et
180 4139 208 4189 in
237 4146 294 4189 res
309 4136 413 4188 divinas
438 4138 626 4203 inquirentium
651 4138 813 4202 doctrinam,
840 4153 917 4206 quam
945 4153 1003 4189 cum
1029 4139 1137 4228 ignores
1155 4148 1226 4185 nunc

129 4208 224 4265 saltem
244 4210 383 4262 monearis
400 4222 516 4261 necesso
535 4215 576 4260 cst
602 4208 646 4260 hio
665 4224 681 4259 a
697 4209 784 4261 nobis.

964 4342 977 4367 Ι
