3017 4759
208 220 432 349 ursrourtu
455 268 716 341 emuniuit:
733 272 884 339 xxxvii.
904 253 1092 337 tit-55.
1150 256 1225 333 not

121 444 260 529 χωρίοις
302 441 415 506 κόλποι
448 436 540 501 δυσίν
572 434 724 517 ἀνόμασιν
759 433 931 518 διαφόροις
963 432 1008 507 εἰς
1037 428 1225 495 εάσάνοπτον

124 544 253 611 σάνεσιν
274 548 339 619 τοῖς
360 539 529 605 ἀκούουσιν
553 535 770 619 ὀνομάζονται,
804 531 823 598 ό
850 534 910 615 μὲν
934 529 1121 607 Δασκέλιος,
1152 526 1170 593 ό
1194 531 1223 592 δ’

121 642 327 725 Ἀστακηνός.
377 637 413 704 τό
437 637 475 721 δὴ
498 638 638 701 τοιοῦτον
659 636 758 719 μέρος
778 636 833 717 της
854 634 1016 707 Βιθυνίας
1039 634 1086 705 εἰς
1107 630 1290 712 κλῆρονὸι

124 743 207 827 πρὸς
233 742 289 805 τοῦ
324 736 444 825 πατρὸς
462 737 614 823 Ὕρκανοῧ
645 732 751 817 λαβὼν
780 732 799 798 ό
829 732 910 818 μετά
939 730 992 798 τόν
1013 731 1225 817 πρεσβότερον

93 846 203 912 5καθ·
226 840 352 925 ἡλικίαν
381 843 484 925 τρίτος
517 840 580 902 τῶν
612 836 737 901 παίδων
767 837 823 898 νῦν
843 836 903 918 μὲν
924 834 1091 917 θαλάσσης
1113 830 1225 917 πόρρω

126 966 190 1010 που
212 940 270 1017 τάς
303 936 469 1025 διατριβάς
496 941 631 1003 ἐποιεῖτο
661 938 718 1000 νόν
749 939 778 1001 δ’
808 935 967 1021 ἐγγυτέρω
990 936 1059 999 κατ’
1080 932 1228 1011 ἐξουσίαν

69 1116 75 1125 ¹
128 1042 312 1123 αὐτόνομον.
336 1039 393 1115 τάς
416 1041 491 1129 γοῦν
515 1036 646 1123 θερινάς
669 1037 791 1112 ἐκείνας
812 1039 868 1100 τοῦ
891 1033 982 1121 ἡλίου
1004 1035 1126 1123 φλόγας
1147 1032 1226 1098 ἀπο-

129 1142 290 1225 σειόμενος
310 1141 498 1225 τηνικαδτα,
528 1138 607 1221 μιάν
628 1141 690 1203 ταῖν
711 1140 780 1201 ἐκεῖ
795 1162 857 1201 που
890 1139 967 1223 περί
986 1135 1100 1202 δίκτυά
1119 1158 1151 1199 τε
1173 1134 1229 1197 καί

127 1242 252 1325 ίχθόων
277 1238 377 1327 ἀγραν
399 1236 645 1323 ἀσχολουμένων
667 1236 808 1303 ἁλιάδων
840 1238 1158 1326 προσκαλεσάμενος,
1180 1234 1225 1297 εἷ-

77 1356 117 1409 10
128 1344 201 1431 σηέι
218 1364 252 1409 τε
273 1343 329 1407 καί
350 1342 456 1425 ἠρέμα
483 1342 639 1425 παρέπλει
662 1332 697 1405 τό
720 1340 919 1425 ἀκρωτήριον
941 1340 974 1402 ἐκ
1003 1337 1162 1421 θαλάττης
1184 1336 1229 1411 εἷς

127 1446 301 1520 θάλατταν,
323 1443 391 1517 σίας
404 1443 560 1524 δηποτοῦν
577 1440 766 1520 ἀναιμδξεως
785 1442 887 1504 ἕνεκα.
911 1437 1004 1519 ἔτυχε
1017 1442 1046 1502 δ’
1070 1438 1104 1501 ἐν
1121 1434 1228 1520 ταάτηῖ

130 1548 222 1629 παρὰ
242 1542 297 1620 τάς
317 1543 386 1606 ἐκεῖ
403 1564 465 1605 που
490 1548 682 1625 συνηρεφεῖς
704 1540 760 1603 καί
788 1540 980 1614 κατασκίους
997 1546 1063 1613 τοῖς
1086 1538 1227 1620 δένδροις

130 1642 228 1719 ἀκτάς
250 1644 415 1723 titulciae
437 1642 604 1725 πειρατικαὶ
627 1666 673 1717 τις
700 1639 850 1724 μονήρης,
871 1641 1009 1704 εἰωθυῖα
1030 1643 1097 1702 κατ’
1123 1633 1226 1701 ἄλλοτ’

130 1739 247 1818 ἀλλους
268 1742 385 1817 τόπους
415 1743 470 1825 τῆς
491 1742 692 1825 βαρβαρικῆς
723 1740 843 1823 ἐκείνης
863 1739 1029 1824 παραλίου
1043 1739 1099 1803 καί
1115 1736 1228 1805 Ἀσιά-

80 1844 214 1918 15τιδος
234 1844 291 1926 γῆς
320 1844 411 1905 τοῦτο
439 1848 556 1917 ποιεῖν,
589 1840 649 1903 κάκ
669 1843 732 1905 τῶν
759 1841 880 1903 ἐκεῖθεν
900 1834 1231 1925 λαφόρων,Περσικά

128 1944 306 2028 κερδαίνειν
328 1944 361 2020 ἐξ
385 1942 514 2026 ἀδήλων
532 1940 695 2026 χρήματα,
717 1940 777 2018 κάξ
799 1940 992 2025 ἀλλοφύλων
1016 1939 1229 2021 αἰχμαλώτων

130 2043 217 2107 ἰδίαν
239 2044 432 2129 πορίζεσθαι
447 2044 520 2124 βίου
545 2042 717 2127 διάρκειαν.
742 2039 822 2124 αδτη
843 2044 950 2107 τοίνυν
970 2042 1121 2126 ἐξαίφνης
1141 2041 1227 2103 ἐπει-
1240 2057 1294 2111 u
1358 2068 1364 2078 x

133 2146 296 2209 σπεσοῦσα
322 2146 362 2229 τῇ
385 2141 496 2207 ἀλιάόι
526 2144 627 2227 ἐκείνῃ
650 2142 731 2207 κατά
752 2166 822 2208 τινα
844 2142 941 2225 τόχην
974 2140 1126 2224 ἀδόκητον
1147 2141 1229 2203 εἰσε-

131 2241 254 2327 πήδησέ
275 2243 384 2307 τεκαὶ
406 2235 502 2321 εἷλεν,
534 2242 589 2307 criu
620 2240 694 2307 ἀνευ
714 2244 775 2325 μὲν
796 2242 1005 2330 τραυμάτων,
1031 2233 1095 2304 εἷλε
1116 2243 1145 2307 δ’
1167 2235 1231 2304 οὖν.

83 2342 188 2415 μοκαδ
209 2344 333 2429 γέγονεν
357 2343 438 2431 αὐτῇ
458 2343 494 2409 τό
515 2343 596 2409 κατά
616 2344 714 2429 τόχην
737 2344 922 2409 ἀνέλπιστον
944 2343 1102 2428 πάρεργον
1120 2345 1233 2425 μεῖζον
1241 2340 1357 2411 λ’ΞλλΙι.

132 2442 227 2529 ἔργου
251 2442 366 2520 παντὸς
388 2445 444 2509 καί
465 2448 645 2521 πολυετοῦς.
677 2444 725 2509 διό
748 2445 804 2509 καί
824 2447 979 2526 μαθοῦσα
997 2444 1110 2527 τδίτῆς
1133 2440 1232 2529 ἀγρας

133 2543 306 2627 πολότιμον
328 2538 428 2630 ᾤχετο
440 2547 641 2631 παραχρῆμα
663 2542 753 2631 παρά
774 2543 829 2628 τὴν
851 2546 1005 2610 Φώκαιαν
1027 2542 1135 2609 οἴκαδε
1158 2544 1232 2609 ἀπι-
1340 2541 1344 2547 ’

135 2646 224 2721 οὖσα,
250 2643 342 2733 πόλιν
361 2642 528 2730 Ἑλληνίδα
550 2646 610 2729 μὲν
629 2644 664 2712 τδ
689 2645 835 2731 ἀρχαῖον,
857 2648 912 2710 νῦν
926 2646 961 2709 δὲ
982 2645 1162 2732 βαρβάροις
1183 2647 1232 2709 δι-

136 2744 255 2809 δοῦσαν
274 2743 396 2833 φόρους
416 2743 496 2831 ὑπὲρ
522 2743 647 2831 ἀφόβου
672 2746 727 2811 καί
750 2745 916 2811 ἀκινδύνου
936 2732 1011 2829 βίου
1031 2745 1125 2825 τινός.
1167 2752 1233 2810 κεῖ-

135 3046 172 3099 cit
190 3053 218 3099 et
235 3044 277 3098 iria
298 3045 410 3097 cundem
431 3045 464 3099 ab
483 3054 594 3117 utraque
621 3052 697 3116 parte
715 3047 825 3117 praebat
844 3066 937 3114 uouur,
957 3056 1145 3117 opportunum.
1182 3054 1228 3120 qni

135 3120 210 3171 tiana
229 3118 262 3171 ob
282 3116 382 3169 uoootto
408 3117 509 3170 duobus
534 3121 685 3173 nominibus
710 3130 897 3188 nuncupantur
923 3124 957 3173 iia
976 3122 1021 3189 qui
1039 3123 1149 3173 andiunt
1167 3125 1230 3175 antia

136 3189 295 3257 perspicuis.
333 3187 402 3240 aiter
421 3190 490 3241 enim
511 3190 650 3246 Dercetius
669 3192 738 3245 aiter
748 3193 896 3245 Astacenus
911 3195 1070 3247 nominatur.
1107 3194 1230 3262 pertine.

136 3261 199 3313 baut
218 3269 304 3313 autem
322 3261 354 3313 ad
382 3276 437 3311 eam
458 3260 601 3328 Bithyniae
621 3271 721 3330 purtem
744 3279 821 3332 quarn
839 3280 855 3315 a
873 3273 948 3332 patro
970 3265 1095 3331 iiyrcano
1112 3281 1230 3332 occepe-

136 3340 177 3384 rat
196 3332 268 3385 filiun
287 3339 348 3399 poet
366 3340 429 3384 natu
443 3335 570 3385 maiorem
588 3348 648 3400 ,pro
673 3342 762 3386 aetate
780 3336 892 3399 tertiua,
912 3337 956 3405 qui
975 3352 1046 3389 nuno
1071 3336 1179 3404 longior
1196 3337 1229 3389 ab

136 3404 198 3455 lacu
218 3402 267 3454 iiio
286 3403 449 3455 domicilium
469 3402 592 3468 locabat,
617 3420 687 3463 cunc
712 3406 738 3455 in
764 3407 913 3475 propinque
938 3421 987 3475 pro
1015 3406 1154 3461 voluntate
1173 3424 1229 3460 rue.

137 3475 182 3543 qui
201 3490 280 3543 quum
301 3473 337 3524 ibi
352 3475 383 3526 ad
403 3474 508 3527 calores
526 3477 644 3528 acativoa
662 3475 838 3542 depellendos
856 3487 1004 3532 moraretur
1022 3493 1102 3531 unura
1122 3496 1154 3530 ea
1172 3495 1230 3531 roa.

123 3544 297 3620 ‚unctoribus
313 3546 361 3611 ,qui
379 3548 448 3599 rotie
469 3556 496 3599 et
514 3547 652 3613 piccarium
672 3547 805 3600 iaciebant
829 3549 860 3601 ad
879 3566 910 3603 eo
929 3553 1038 3603 vocavit
1056 3558 1083 3601 ot
1101 3565 1160 3601 cum
1180 3551 1231 3603 hoc

137 3632 232 3668 navent
253 3617 363 3667 introvit
382 3625 409 3668 et
426 3617 535 3671 uiientio
553 3627 660 3685 praeter
677 3621 886 3687 promontorium
915 3631 1010 3674 vectus
1031 3627 1071 3672 eut
1093 3636 1127 3672 ex
1143 3622 1230 3675 attero

138 3688 196 3739 sinu
216 3687 244 3738 in
265 3685 388 3752 alterum,
408 3688 514 3740 ooiiicet
531 3691 707 3742 recreationis
727 3706 818 3744 canta.
856 3694 893 3744 ibi
912 3701 999 3745 aorem
1020 3692 1089 3743 torte
1109 3706 1142 3743 eo
1160 3701 1232 3745 tent.

138 3773 204 3825 puro
221 3757 255 3812 ad
273 3759 356 3825 ripum
375 3758 513 3811 arboribus
534 3769 630 3813 tectam
650 3769 677 3813 ot
690 3762 813 3826 obsitam,
832 3764 859 3817 in
877 3764 983 3815 inridiir
1001 3761 1101 3815 tutetur
1119 3764 1231 3830 piratica

138 3828 275 3891 unirornia,
296 3844 364 3896 quac
384 3829 436 3882 huc
463 3829 529 3882 iiiuc
549 3840 654 3898 praeter
677 3835 820 3901 regionem
839 3834 1009 3886 barbarorum
1028 3836 1183 3888 maritimam
1203 3842 1231 3887 et

138 3905 232 3949 terrain
253 3900 397 3951 Auinticum
416 3900 479 3952 vehi
499 3901 622 3967 uolebat,
651 3912 677 3954 et
702 3920 735 3956 ex
760 3905 858 3971 praeda
885 3912 1022 3973 quaestum
1047 3905 1138 3958 iacere
1162 3908 1231 3975 apud

138 3968 235 4021 Peraea·
252 3976 278 4019 et
294 3984 309 4021 a
328 3972 480 4040 peregrinio
498 3975 612 4039 captivia
629 3976 714 4027 reret
733 3978 815 4027 vitam
826 3978 993 4031 neceoaarioa
1011 3977 1062 4033 ribi
1081 3980 1231 4046 acquirere.

138 4039 205 4092 haec
225 4040 307 4107 igitur
327 4051 438 4108 repente
458 4044 562 4094 irruens
575 4044 601 4095 in
621 4047 763 4111 piacatorie
781 4061 877 4099 aurem
898 4049 1110 4115 uninomina),
1129 4048 1234 4102 iaaiinit

139 4119 165 4163 et
197 4112 270 4178 cepit
300 4125 374 4164 enin:
400 4114 481 4182 idque
505 4129 559 4166 uon
583 4115 643 4167 aine
668 4117 856 4170 vulneratione
882 4120 987 4172 evenit:
1015 4122 1114 4187 praede
1143 4128 1232 4173 autern

137 4190 242 4255 praetor
267 4194 371 4237 onnon
395 4186 622 4255 ouoeoutionom
652 4187 723 4243 iectu
739 4188 850 4243 aratoria
867 4191 948 4261 pretii
971 4198 1030 4245 orat
1047 4206 1126 4263 quan
1145 4206 1231 4263 que·
