3017 4759
90 273 96 282 ·
191 261 412 334 nrsrouun
437 259 698 329 οκπιιιαιιισ
713 261 809 327 xxx
829 243 1073 330 κιο-119.
1132 239 1204 326 ota

3 424 5 456 ²
113 428 152 514 δὴ
178 424 259 517 κατά
281 431 334 493 τοῦ
358 429 506 505 Παλαμά
532 428 705 508 τηνικαῦτα
739 421 962 509 ἀπεφήναντο,
992 415 1095 486 turus
1127 412 1206 485 άλλοι

3 522 6 558 ⁵
113 528 276 613 λεγόντων,
298 534 353 594 και·
372 522 476 591 όλλων
499 519 608 602 άλλοις
631 526 869 605 ἁμιλλωμένων,
891 523 944 588 κατ’
966 514 1071 590 ἄλλων
1094 515 1210 598 άλλσσς

113 631 291 717 παριόντων
312 635 355 721 spi
376 635 439 694 τεόν
470 630 636 710 λοιδοριῶν
659 624 900 710 ὑπερβάλλοντι.
957 617 1124 707 ἦσανδσ
1109 622 1304 693 σΐκοιίΙΙΘ

3 731 7 763 ·
114 729 271 819 προδότην
292 727 391 796 αδτόν
412 727 586 796 ἐπεκάλουν
619 726 721 791 αότσό
742 729 902 807 βασιλέως
928 727 983 790 κατ’
1002 747 1071 789 οσον
1086 749 1129 812 τρι
1150 697 1343 805 βα····’·155

89 841 201 908 scates
218 833 427 956 προσήκοντες
451 823 512 894 εἶεν
542 833 626 911 γένει
663 852 715 891 και
711 825 835 914 δόξη·
893 830 948 890 και·
968 823 1067 899 τός
1030 849 1116 948 rope
1137 816 1213 910 ἧκεν
1270 821 1276 863 ¹

2 939 5 969 ¹
115 937 160 1009 εἰς
181 934 280 997 αότόν
304 931 362 995 σδκ
383 930 556 1012 άπέσχετο,
578 956 635 1013 την
655 927 829 1014 ἦγημσνιάν
851 931 905 1013 τῆς
932 927 1056 1011 γνώμης
1077 922 1214 1049 όπὴκρον

3 1040 5 1073 ¹
116 1030 199 1112 άπαξ
216 1031 319 1116 ἔργων
340 1035 392 1096 καὶ
414 1032 515 1114 λόγων
532 1031 614 1111 όμσό
634 1031 780 1114 πονηρῶν
801 1027 1048 1150 πεπραχρός,·μη
1070 1027 1110 1090 oo'
1131 1019 1214 1089 πάν-

2 1141 5 1171 *
114 1159 171 1209 τας
192 1133 372 1254 συλλήβδην
392 1136 488 1249 βιαίιρ
509 1131 637 1220 θανάτῳ
671 1133 792 1194 δοῦναι.
837 1127 876 1190 οδ
903 1131 963 1212 γάρ
987 1121 1036 1191 ότι
1058 1153 1100 1210 μη
1091 1123 1213 1211 σιδη-

3 1244 4 1265 ·
116 1239 188 1318 ραῖς
210 1232 264 1296 καί
282 1230 377 1306 critic
400 1229 480 1298 κατά
505 1231 579 1317 roric
602 1231 860 1346 ἀνδροφόνους·
845 1253 1004 1349 εχρησατσ
1030 1225 1195 1315 λόγχαις·
1180 1251 1214 1292 εκ

75 1341 175 1404 1οτσῦ
196 1336 397 1418 προφανοῦς,
421 1328 618 1415 όποβεβηκός
639 1355 670 1395 τε
689 1331 725 1394 τό
745 1329 846 1414 βάρος
876 1327 961 1416 ἐχειν
982 1326 1055 1416 δόξῃ
1078 1332 1139 1394 suiv
1161 1331 1215 1412 ἐγ-
1279 1373 1282 1388 ι

117 1431 305 1520 κλημάτων,
348 1435 416 1497 ἀλλ’
451 1427 498 1498 ότι
532 1437 642 1516 φιλίαν
671 1428 939 1516 σχηματιζόμενος
975 1425 1046 1494 όλσν
1080 1429 1215 1546 δολερῶς

117 1540 248 1602 ἐκένωσε
281 1543 347 1612 τοῖς
372 1536 492 1609 α’δόλως
527 1538 655 1618 φιλοῦσι
687 1528 820 1596 τόνντοῦ
841 1532 1033 1616 δηλητηρίου
1061 1554 1215 1611 κρατηρα,

110 1639 192 1718 -πρόν
214 1640 268 1720 τῆς
290 1635 470 1719 ἐπιβουλῆς·
488 1637 664 1700 αἰσθέσθαι
691 1629 765 1708 τούς
787 1631 977 1714 πάσχοντας.
1032 1633 1086 1694 καί
1108 1619 1216 1709 οἱμὲν

119 1740 200 1822 γένει
224 1739 279 1800 κατ’
302 1735 377 1823 δόξη
400 1734 591 1818 προάγοντες
614 1729 726 1817 ἄνδρες
759 1741 872 1797 εκεῖνοι
896 1728 978 1796 οότω
999 1734 1218 1815 προσηνέχθη-

77 1864 179 1917 15σαν
200 1843 241 1927 τη]
261 1837 369 1922 μιαρῷ
391 1839 549 1922 Παλαμρῖ,
570 1835 625 1898 κατ’
646 1834 765 1909 ταότιις
795 1835 900 1920 ἐκεινῳ
923 1830 981 1908 τάς
1003 1836 1119 1916 κράσεις
1136 1833 1217 1896 ἐπέ-

118 1965 226 2006 τεσαν·
268 1934 284 2000 ό
309 1932 508 2018 δέβασιλεός
532 1939 587 2001 και·
607 1936 790 2022 αὕτ’ὀςσιγῇ
805 1937 866 1998 ταῖν
888 1933 964 1999 κατά
990 1937 1048 1997 τοῦ
1070 1935 1218 2012 Παλαμά
1227 1944 1312 1998 11⁰

121 2040 273 2128 τοιοότων
295 2040 460 2121 λοιδοριάν
484 2038 636 2121 ον’τήκσος
657 2039 800 2121 γεγονώς,
824 2037 878 2099 κατ’
895 2039 1066 2120 βουληθείς
1081 2037 1139 2113 μέν
1152 2057 1218 2108 πως
1310 2046 1315 2053 ’

120 2139 180 2224 τὴν
199 2143 253 2224 τῆς
275 2139 462 2222 ἐκδικήσεως
492 2143 742 2221 προστεταχέναι
769 2134 895 2200 κόλασιν
917 2141 982 2198 κατ’
1006 2137 1121 2216 αὐτοῦ,
1144 2157 1219 2217 φει-

124 2239 259 2324 σάμενος
288 2244 315 2316 δ·
347 2231 404 2304 σόν
437 2239 488 2303 διά
514 2237 572 2323 τήν
601 2236 744 2321 ἔμφυτον
773 2239 961 2316 ἐπιείκειαν,
985 2238 1064 2308 τέοσς
1086 2238 1144 2314 μὲν
1163 2230 1219 2315 την

78 2343 187 2408 soant
211 2334 351 2426 γλώττης
387 2342 441 2404 και·
466 2345 528 2405 τάν
550 2338 650 2423 ἔργων
679 2335 851 2420 ineptam
884 2340 1016 2423 ψῆφον,
1039 2333 1167 2414 ἐπέμενε
1190 2336 1219 2399 δ’

3 2511 17 2526 ,
124 2439 180 2508 σόν
202 2439 287 2524 όμως
308 2443 571 2523 όβριοπαδσόντα
596 2437 679 2523 όριόν
700 2441 757 2504 καί
776 2438 953 2522 α’χθόμινον
970 2441 1145 2518 Παλαμάν,
1166 2440 1221 2501 καί
1320 2480 1324 2485 1

126 2539 199 2610 σότε
223 2543 294 2619 τούς
316 2545 539 2624 λοιδοροῦντας
563 2543 714 2608 άνέκοπτε
735 2545 788 2627 τῆς
805 2540 916 2626 ὁρμῆς,
936 2537 989 2603 και·
1004 2533 1070 2618 ἅμα
1091 2534 1125 2601 τό
1145 2547 1221 2621 χαῖ-

124 2668 181 2732 ρον
202 2644 358 2730 όπέφαινε
391 2646 446 2727 τῆς
476 2639 592 2707 ἑαυτοῦ
616 2647 725 2727 ψυχῆς
748 2643 906 2728 α’μυδροῖς
933 2642 1000 2706 τισι·
1018 2641 1220 2722 μειδιάμασι,

124 2750 181 2814 και·
202 2748 425 2831 διεκαρτέρησε
447 2746 544 2827 μέχρι
567 2747 685 2808 πολλοῦ
702 2742 785 2820 τινός
805 2743 923 2828 χρόνον
940 2741 1098 2806 διακοόων
1121 2740 1220 2823 ἡδέως

130 3042 212 3109 apud
217 3053 310 3106 regem
328 3035 537 3101 adolescentem,
559 3053 627 3106 qnae
647 3045 740 3090 contra
761 3035 892 3090 Palamam
913 3043 967 3088 tum
987 3036 1137 3103 aperirent:
1163 3052 1222 3087 cum

127 3113 175 3164 aiii
194 3110 248 3162 alia
268 3110 388 3160 dicerent
407 3116 433 3160 et
450 3107 497 3159 alii
517 3107 577 3160 aliis
596 3109 793 3161 aemularentur
813 3115 840 3159 et
858 3107 906 3159 alii
924 3106 993 3160 alios
1013 3107 1144 3158 conviciis
1164 3121 1222 3158 ma-

127 3182 229 3234 ioribus
248 3187 415 3248 superarent.
454 3188 528 3232 erant
548 3188 651 3264 autern,
671 3182 716 3247 qui
736 3193 795 3230 euru
818 3180 895 3230 etiarn
915 3179 1077 3244 proditorem
1095 3177 1219 3244 appelia-

131 3260 191 3304 rent
215 3261 242 3303 et
266 3253 339 3320 regis
366 3251 449 3318 ipsius
479 3258 506 3301 et
531 3253 661 3316 omnium,
687 3251 732 3317 qui
758 3250 816 3317 regi
840 3250 934 3302 affines
960 3256 1049 3301 essent
1076 3265 1176 3318 genere
1197 3256 1222 3300 et

129 3323 233 3392 gloria:
255 3330 282 3374 et
299 3323 373 3392 quasi
394 3322 445 3372 hoc
464 3322 495 3373 ad
516 3338 547 3374 so
565 3321 715 3389 pertineret
737 3335 790 3372 non
811 3322 949 3385 abstinuit,
969 3337 1026 3372 cnm
1046 3321 1223 3387 principatum

130 3395 280 3448 sententiae
300 3392 382 3446 semel
401 3393 562 3445 subiecisset
581 3393 658 3444 iactis
687 3399 714 3443 et
732 3394 896 3444 sermonibus
917 3399 1022 3460 pravis,
1042 3393 1107 3458 quin
1131 3406 1222 3442 omnes

133 3466 161 3516 in
179 3466 332 3516 universum
350 3463 487 3516 violentae
505 3465 584 3515 morti
611 3463 703 3515 daret:
729 3479 818 3530 neque
838 3465 906 3516 enim
925 3464 994 3531 quod
1013 3462 1109 3530 gladiis
1129 3461 1224 3514 ferreis

113 3544 159 3590 ,et
176 3537 234 3602 lpse
258 3535 412 3587 sicariorum
432 3536 509 3587 modo
540 3544 632 3603 aperte
661 3535 715 3586 iron
739 3550 802 3585 usus
828 3543 918 3600 esset,
943 3535 1081 3587 videretur
1099 3547 1223 3583 summam

131 3607 341 3659 criminationum
361 3607 518 3672 gravitatem
538 3608 609 3675 pati.
631 3609 677 3658 sed
697 3607 766 3674 quod
780 3608 921 3658 amicitiam
942 3605 1068 3657 simulans
1088 3605 1148 3654 sinc
1167 3598 1223 3653 uilo

131 3676 193 3729 dolo
214 3693 272 3727 eurn
295 3678 442 3728 amantibus
469 3685 552 3729 totum
577 3677 671 3730 doloso
700 3677 837 3730 effudisset
861 3678 960 3729 veneni
986 3683 1114 3726 craterem
1133 3675 1224 3740 prius-

131 3763 208 3817 quarn
228 3747 273 3815 qni
293 3762 325 3797 eo
344 3748 516 3799 aifice'rentnr
537 3751 646 3801 insidias
665 3750 929 3802 animadvertissent.
949 3755 1028 3812 atque
1047 3744 1088 3795 ilii
1108 3745 1224 3812 quidem,

131 3820 177 3888 qui
196 3832 297 3886 genere
316 3825 343 3867 et
361 3817 448 3885 gioria
466 3828 647 3884 praestarent,
676 3821 713 3870 ita
732 3821 833 3872 invecti
852 3827 912 3871 sunt
936 3819 963 3869 in
984 3816 1113 3867 Paiamam
1133 3813 1225 3867 scele-

132 3898 212 3972 ιοιιιο,
230 3896 257 3939 et
276 3887 317 3938 his
332 3887 441 3952 judiciis
461 3905 519 3938 eum
540 3889 764 3942 altisonum
792 3898 879 3942 autem
909 3891 953 3956 qui
984 3896 1011 3938 et
1038 3889 1096 3954 ipse
1116 3886 1225 3938 silentio

131 3960 257 4012 convicia
280 3957 344 4008 talia
364 3966 456 4009 contra
480 3959 609 4010 Paiamam
627 3961 698 4011 dicta
717 3963 864 4013 audivisset
885 3968 910 4011 et
923 3967 1014 4010 contra
1029 3974 1086 4009 eum
1108 3959 1226 4024 castiga-

130 4034 229 4084 tionem
252 4043 357 4096 poenae
378 4030 508 4094 imperare
527 4031 670 4095 voluisset,
687 4038 774 4084 tamen
795 4040 907 4100 propter
922 4033 1037 4083 innatam
1059 4029 1227 4080 clementiam

136 4117 248 4170 parcere
269 4100 294 4150 ei
315 4099 429 4163 voluit,
433 4108 459 4150 et
481 4100 605 4150 iudicium
626 4111 883 4169 proptersermones
903 4111 929 4154 et
948 4103 1017 4154 iacta
1035 4101 1110 4151 iilius
1129 4099 1227 4150 editum

135 4172 299 4241 proletarii·
321 4179 400 4240 atque
419 4170 498 4223 hac
491 4186 518 4222 ru
537 4175 670 4224 sententia
688 4177 842 4240 permansit,
861 4188 1015 4244 quemquam
1034 4185 1115 4244 aegre
1130 4171 1227 4227 ferett-
