3017 4759
212 264 433 330 nrsronmu
457 260 716 327 eumanum
742 262 852 324 xxix.
879 244 1068 325 56-59.
1137 252 1208 325 ooo

75 421 78 428 ¹
113 427 260 512 Παλαμᾷ
277 428 471 508 προσέκειτο,
485 429 539 489 καί
550 427 759 507 α’ντέπροιτιεν
774 424 815 499 τός
835 423 873 489 τό
897 424 997 488 πολλὰ
1021 425 1058 513 τῇ
1077 427 1135 487 τοῦ
1151 448 1227 508 συ-Ι

114 527 208 608 ζόγοο
232 524 341 612 γνώμη
354 523 434 608 πρός
464 520 524 590 ὅσα
539 530 578 612 τῇ
590 531 740 613 θρησκείᾳ
754 527 920 591 συντείνει.
945 518 1015 607 όρτι
1032 549 1065 607 γε
1079 522 1142 607 μὴν
1153 525 1210 607 τὴν

113 628 273 709 βασίλειον
290 622 390 709 adila
412 629 542 691 εἰσιόντι
559 651 615 706 μοι
635 629 864 707 καίΠαλομοῖν
877 628 945 691 έκεῖ
956 625 1035 709 πρός
1060 628 1212 702 διαλέξεις

113 726 248 815 ἔφεδρον
273 720 354 791 εἶναι
381 731 500 807 μαθεῖν
521 732 683 811 ἐξεγένετο.
729 721 814 791 οὕτω
840 730 866 789 δ’
896 727 1001 810 ἔχοντί
1017 752 1073 809 μοι
1093 730 1155 793 τιόν
1179 731 1213 795 ε’νι

89 831 255 913 5κεφαλῆς
277 824 462 911 ἀλγηδόνων
484 825 544 909 ἔτι,
569 834 623 893 καί
644 824 743 903 οότως
764 830 1007 911 ἀπροσδοκήτως
1031 832 1242 916 έμπεπηδη-ί.
1257 836 1305 891 131
1318 848 1346 890 r.

115 928 202 1004 κότος
224 950 280 1005 μοι
300 931 358 991 τοῦ
380 923 510 1010 ἀγῶνος,
534 932 739 1013 πρῶτονμὲν
762 927 846 1005 ἔδοξε
861 933 985 1011 βέλτιον
1008 926 1115 995 οἴκαδε
1136 934 1215 1003 τέως

115 1031 277 1093 ἐπανιέναι
297 1051 354 1112 με,
380 1027 480 1111 μικρὰ
504 1034 566 1094 τῶν
593 1033 865 1115 μεμηχανημένων
892 1028 1112 1113 προσκλήσεων
1133 1032 1216 1093 έκεί-

115 1152 178 1193 νων
200 1132 431 1212 φροντίσαντι·
472 1131 523 1193 ἵνα
547 1134 575 1193 δ’
598 1121 652 1193 οὖν
675 1129 718 1214 μη
751 1132 872 1203 δειλίας
893 1127 1046 1193 ὑπόνοιαν
1063 1139 1128 1206 τοῖς
1155 1154 1214 1215 φι-

115 1226 318 1309 λοσκιόμμοσι
342 1232 456 1309 δῶμεν,
480 1229 706 1314 έπερροόσαμέν
730 1254 764 1296 τε
785 1222 882 1305 αδθις
903 1228 956 1295 τόν
990 1232 1138 1315 λογισμὸν
1161 1235 1214 1296 κοιί

73 1350 107 1405 10
117 1328 312 1412 α’νελσίβομεν
332 1328 479 1412 ἑαυτούς,
498 1338 563 1421 θεῷ
584 1333 617 1397 τό
638 1337 700 1396 πᾶν
724 1336 957 1415 ἐπιτρέψαντες.

217 1434 287 1494 liat
310 1427 411 1506 οὕτως
433 1435 477 1506 εἰς
500 1431 599 1497 crisis
621 1430 737 1519 εἰσῄειν
758 1437 893 1514 βασιλέα
918 1436 958 1520 τῇ
978 1457 1010 1497 τε
1038 1437 1100 1498 τῶν
1122 1428 1282 1517 εὖγε-60

114 1533 175 1597 νῶν
189 1528 327 1597 συνόντα
342 1535 503 1619 παρουσίᾳ
521 1531 575 1595 καί
597 1530 666 1613 ἅμα
682 1536 736 1615 τῆς
752 1534 917 1614 βασιλίδος
933 1534 1066 1617 Ἑλένης,
1090 1537 1133 1621 τῷ
1158 1535 1216 1597 τοῦ

115 1630 295 1714 συμβάντος
320 1633 437 1719 σχεδίην
469 1632 766 1718 παρηκολουθηκώς.
820 1630 858 1697 τό
880 1656 914 1714 ys
936 1631 1001 1715 μην
1032 1638 1101 1697 ἐκεῖ
1118 1641 1216 1719 λαλη-

114 1738 230 1819 θέντα,
254 1732 357 1797 όπόσα
383 1736 438 1796 καί
461 1726 522 1813 οἷα,
546 1733 599 1797 καί
624 1728 740 1808 ὅπωςό
763 1731 874 1816 καιρός
893 1735 1061 1816 ἐσχεδίασε
1085 1733 1121 1798 roi
1146 1758 1216 1799 τοι-

69 1848 103 1901 15
114 1837 206 1914 αὕτα,
231 1833 366 1917 δηλιόοει
387 1833 425 1897 τό
447 1836 571 1919 ἐφεξῆς.
592 1838 767 1917 γέγραπται
788 1835 848 1915 μέν
867 1832 925 1917 γάρ
946 1858 1000 1916 μοι
1023 1840 1115 1900 ταυτί
1139 1842 1216 1900 λεπ-

113 1941 222 2025 τοτέρα
244 1934 307 1999 τινί
327 1934 482 2020 διηγήσει,
505 1938 671 2001 έκδέδοται
695 1938 725 1999 δ’
745 1935 787 2011 τός
812 1940 844 2013 ἐξ
863 1934 972 2020 ἐτέρου
994 1937 1055 2001 ταῖν
1069 1941 1137 2003 έκεῖ
1153 1964 1216 2001 αα-

115 2035 237 2122 ρόνιιον
259 2033 348 2118 ἑνός,
368 2036 449 2122 πρός
479 2035 681 2121 έριοιόσαντά
703 2063 773 2101 τινα
805 2041 904 2121 δῆθεν
923 2036 1103 2117 διεξιόντος.
1147 2034 1215 2121 ἔχει

115 2140 150 2202 δὲ
173 2133 316 2203 οὖτωσίκ.

117 2430 187 2497 patri
207 2428 411 2493 Cantacuseno,
430 2426 510 2480 valde
541 2428 581 2479 sic
608 2427 686 2478 etiam
704 2424 824 2479 Palamas
845 2424 959 2478 instabat
985 2433 1012 2477 et
1029 2426 1219 2481 adversabatur

119 2500 277 2568 plerumque
296 2501 419 2566 coniugis
445 2500 595 2552 sententiae
620 2500 648 2549 in
667 2498 790 2550 omnibus
815 2497 911 2563 rebus,
931 2497 962 2549 ad
988 2497 1149 2566 quasillum
1171 2516 1219 2552 sna

120 2571 203 2623 trahit
222 2570 330 2638 religio.
367 2586 453 2637 nuper
470 2579 559 2623 autem
583 2569 670 2622 aulam
689 2571 791 2638 regiam
821 2570 928 2621 intranti
956 2568 1021 2619 mihi
1041 2570 1119 2621 etiam
1137 2570 1220 2624 Pala.

123 2657 192 2694 mam
210 2642 248 2693 ibi
266 2642 299 2693 ad
320 2640 514 2707 disputationes
534 2642 709 2695 instituendas
730 2640 912 2693 considentem
931 2640 1031 2693 licebat
1048 2642 1151 2694 videre.
1180 2644 1220 2697 sio

124 2721 213 2766 autem
233 2713 298 2765 mihi
318 2714 407 2780 capito
425 2713 557 2765 laboranti
580 2713 660 2764 etiam
681 2721 707 2764 et
727 2729 806 2781 quum
826 2720 878 2765 tam
898 2713 1047 2779 inopinanti
1065 2714 1220 2780 impeditum

121 2801 165 2838 me
185 2785 329 2837 certamine
351 2785 481 2849 viderem,
504 2785 617 2852 primum
636 2785 741 2852 quidem
769 2786 855 2837 visum
876 2792 917 2837 est
936 2786 1018 2837 satius
1038 2800 1098 2837 esse
1116 2786 1219 2838 domum

122 2866 175 2908 tam
195 2856 238 2908 diu
256 2857 356 2923 redire,
376 2858 462 2908 donec
480 2872 583 2908 mecum
597 2863 706 2940 paratas
724 2855 787 2909 illas
805 2855 870 2906 mihi
889 2857 1074 2909 accusationes
1094 2865 1220 2924 reputas-

123 2944 189 2981 sem.
227 2943 262 2979 ne
282 2930 367 2997 igitur
381 2944 507 2995 ignaviae
531 2930 711 2993 suspicionem
739 2927 809 2995 apud
834 2927 956 2979 homines
981 2928 1086 2979 dicaces
1113 2928 1220 2980 subire-

122 3015 190 3064 mus,
210 2999 424 3051 confirmavimus
448 3015 539 3051 rursus
558 3000 716 3052 sententiam
745 3007 861 3053 nostram
887 3006 913 3049 et
930 2999 1081 3065 recepimus
1102 2999 1152 3049 deo
1171 3014 1220 3051 nos

124 3072 213 3122 omnia
232 3072 437 3123 committentes.

222 3168 311 3253 Atque
330 3169 368 3220 ita
386 3170 445 3221 ad
438 3185 523 3236 ipsum
543 3186 635 3239 regem
654 3168 831 3233 accedebam,
852 3183 928 3235 quem
957 3183 1016 3219 cum
1035 3166 1220 3235 praesentibus

122 3239 261 3292 nobilibus
280 3240 347 3292 viris
370 3249 396 3292 et
414 3241 493 3294 simul
514 3257 571 3292 cum
591 3241 694 3293 llelcna
712 3241 808 3306 regina
827 3238 991 3291 offendebam
1012 3238 1220 3305 colloquentem,

122 3319 232 3365 secutus
252 3314 404 3365 certaminis
426 3314 611 3365 temeritatem.
634 3321 661 3363 et
679 3327 747 3379 quae
766 3311 803 3362 ibi
815 3311 947 3378 disputata
967 3320 1027 3363 sunt
1042 3326 1119 3379 quam
1138 3310 1221 3361 multa

124 3391 151 3435 et
171 3384 261 3451 qualia
282 3392 309 3435 et
328 3386 459 3452 quomodo
479 3393 583 3451 tempus
602 3383 667 3434 talia
685 3383 912 3450 suppeditaverit,
937 3384 1081 3435 narrabunt
1101 3396 1132 3433 ea
1153 3397 1221 3449 quae

122 3463 279 3521 sequuntur.
316 3458 493 3524 perscriptum
521 3464 562 3506 est
590 3456 659 3506 enim
685 3470 762 3506 amc
788 3455 840 3505 boc
870 3455 933 3506 satis
957 3455 1031 3507 tenui
1057 3454 1220 3505 narratione

122 3526 246 3576 traditum
266 3535 306 3579 est
325 3537 412 3580 autem
433 3528 466 3578 ab
485 3527 570 3580 altero
591 3542 645 3578 uno
662 3542 753 3578 eorum
774 3528 818 3595 qui
837 3526 874 3578 ibi
891 3526 1030 3579 adfuerant
1044 3523 1220 3590 interroganti

121 3596 225 3647 cuidam
244 3598 289 3649 diu
308 3599 333 3650 id
353 3600 533 3653 scincturam
554 3587 759 3667 pro‘mittcnte.
774 3615 817 3653 res
836 3613 901 3651 vcro
923 3600 962 3653 sic
982 3612 1012 3651 so
1032 3595 1119 3647 habet.

539 3799 806 3812 -——-—-·—-—·v
