<?xml version="1.0" encoding="UTF-8"?>
<!DOCTYPE html PUBLIC "-//W3C//DTD XHTML 1.0 Transitional//EN"
    "http://www.w3.org/TR/xhtml1/DTD/xhtml1-transitional.dtd">
<html xmlns="http://www.w3.org/1999/xhtml" xml:lang="en" lang="en">
 <head>
  <title>
</title>
<meta http-equiv="Content-Type" content="text/html;charset=utf-8" />
  <meta name='ocr-system' content='tesseract 3.04.00' />
  <meta name='ocr-capabilities' content='ocr_page ocr_carea ocr_par ocr_line ocrx_word'/>
</head>
<body>
  <div class='ocr_page' id='page_1' title='image "./corpusscriptoru13theogoog/corpusscriptoru13theogoog_0403.png"; bbox 0 0 3017 4759; ppageno 0'>
   <div class='ocr_carea' id='block_1_1' title="bbox 245 207 1220 296">
    <p class='ocr_par' dir='ltr' id='par_1_1' title="bbox 245 207 1220 296">
     <span class='ocr_line' id='line_1_1' title="bbox 245 207 1220 296; baseline -0.006 -2"><span class='ocrx_word' id='word_1_1' title='bbox 245 224 469 296; x_wconf 79' lang='lat' dir='ltr'>arsromts</span> <span class='ocrx_word' id='word_1_2' title='bbox 496 222 754 292; x_wconf 81' lang='lat' dir='ltr'>amtumuna</span> <span class='ocrx_word' id='word_1_3' title='bbox 777 219 901 289; x_wconf 85' lang='lat' dir='ltr'>xxxrr.</span> <span class='ocrx_word' id='word_1_4' title='bbox 916 207 1101 290; x_wconf 56' lang='lat' dir='ltr'>a-tt„</span> <span class='ocrx_word' id='word_1_5' title='bbox 1149 215 1220 290; x_wconf 79' lang='lat'>381</span> 
     </span>
    </p>
   </div>
   <div class='ocr_carea' id='block_1_2' title="bbox 56 374 1365 2702">
    <p class='ocr_par' dir='ltr' id='par_1_2' title="bbox 124 374 1291 782">
     <span class='ocr_line' id='line_1_2' title="bbox 228 374 1291 472; baseline -0.008 -16"><span class='ocrx_word' id='word_1_6' title='bbox 228 391 355 456; x_wconf 83' lang='grc' dir='ltr'><em>Τούτων</em></span> <span class='ocrx_word' id='word_1_7' title='bbox 374 393 401 456; x_wconf 92' lang='grc' dir='ltr'>δ’</span> <span class='ocrx_word' id='word_1_8' title='bbox 423 384 505 456; x_wconf 79' lang='grc' dir='ltr'><em>οόιω</em></span> <span class='ocrx_word' id='word_1_9' title='bbox 527 390 699 472; x_wconf 79' lang='grc' dir='ltr'><em>λεγομένων</em></span> <span class='ocrx_word' id='word_1_10' title='bbox 720 374 852 472; x_wconf 66' lang='grc' dir='ltr'><em>ἤρξαντό</em></span> <span class='ocrx_word' id='word_1_11' title='bbox 877 409 959 462; x_wconf 85' lang='grc' dir='ltr'><em>τινες</em></span> <span class='ocrx_word' id='word_1_12' title='bbox 980 388 1034 469; x_wconf 78' lang='grc' dir='ltr'>τῆς</span> <span class='ocrx_word' id='word_1_13' title='bbox 1057 387 1291 470; x_wconf 67' lang='lat' dir='ltr'>speciositatem</span> 
     </span>
     <span class='ocr_line' id='line_1_3' title="bbox 124 489 1223 577; baseline -0.011 -17"><span class='ocrx_word' id='word_1_14' title='bbox 124 496 306 560; x_wconf 73' lang='grc' dir='ltr'><strong><em>ἐπεισιέναι.</em></strong></span> <span class='ocrx_word' id='word_1_15' title='bbox 354 493 492 577; x_wconf 79' lang='grc' dir='ltr'><em>σύνηθες</em></span> <span class='ocrx_word' id='word_1_16' title='bbox 522 491 583 575; x_wconf 75' lang='grc' dir='ltr'>γὰρ</span> <span class='ocrx_word' id='word_1_17' title='bbox 618 491 709 556; x_wconf 82' lang='grc' dir='ltr'><em>τουτί</em></span> <span class='ocrx_word' id='word_1_18' title='bbox 739 489 994 575; x_wconf 74' lang='grc' dir='ltr'><em>Κανταιιουζιρνρλ</em></span> <span class='ocrx_word' id='word_1_19' title='bbox 1024 489 1223 569; x_wconf 87' lang='grc' dir='ltr'><em>προλοχίζειν</em></span> 
     </span>
     <span class='ocr_line' id='line_1_4' title="bbox 124 587 1224 681; baseline -0.008 -22"><span class='ocrx_word' id='word_1_20' title='bbox 124 598 293 681; x_wconf 72' lang='grc' dir='ltr'><em>ἐφεδρείας</em></span> <span class='ocrx_word' id='word_1_21' title='bbox 319 597 353 658; x_wconf 81' lang='grc' dir='ltr'><em>ε’ν</em></span> <span class='ocrx_word' id='word_1_22' title='bbox 368 601 440 669; x_wconf 82' lang='grc' dir='ltr'><em>-τσῖς</em></span> <span class='ocrx_word' id='word_1_23' title='bbox 461 592 614 669; x_wconf 88' lang='grc' dir='ltr'><em>τοιούτοις</em></span> <span class='ocrx_word' id='word_1_24' title='bbox 635 596 688 658; x_wconf 84' lang='grc' dir='ltr'>καί</span> <span class='ocrx_word' id='word_1_25' title='bbox 713 593 870 674; x_wconf 81' lang='grc' dir='ltr'><em>Τελχίνων</em></span> <span class='ocrx_word' id='word_1_26' title='bbox 883 587 1038 656; x_wconf 75' lang='grc' dir='ltr'><em>’τοιούτων</em></span> <span class='ocrx_word' id='word_1_27' title='bbox 1060 589 1224 671; x_wconf 77' lang='grc' dir='ltr'><em>ἐπιφέρειν</em></span> 
     </span>
     <span class='ocr_line' id='line_1_5' title="bbox 124 687 1224 782; baseline -0.01 -23"><span class='ocrx_word' id='word_1_28' title='bbox 124 692 157 772; x_wconf 75' lang='grc' dir='ltr'>ἐξ</span> <span class='ocrx_word' id='word_1_29' title='bbox 180 698 324 780; x_wconf 84' lang='grc' dir='ltr'><em>α’φανούς</em></span> <span class='ocrx_word' id='word_1_30' title='bbox 340 693 553 778; x_wconf 84' lang='grc' dir='ltr'><em>στρατόπεδα,</em></span> <span class='ocrx_word' id='word_1_31' title='bbox 572 694 666 782; x_wconf 78' lang='grc' dir='ltr'><em>αύτῷ</em></span> <span class='ocrx_word' id='word_1_32' title='bbox 688 696 748 774; x_wconf 82' lang='grc' dir='ltr'><em>μὲν</em></span> <span class='ocrx_word' id='word_1_33' title='bbox 769 691 969 774; x_wconf 89' lang='grc' dir='ltr'><em>συμμαχίαν,</em></span> <span class='ocrx_word' id='word_1_34' title='bbox 994 696 1058 764; x_wconf 76' lang='grc' dir='ltr'><em>τοῖς</em></span> <span class='ocrx_word' id='word_1_35' title='bbox 1084 689 1121 764; x_wconf 86' lang='grc' dir='ltr'>δ’Ι</span> <span class='ocrx_word' id='word_1_36' title='bbox 1135 687 1224 751; x_wconf 79' lang='grc' dir='ltr'><em>α’ντι.</em></span> 
     </span>
    </p>

    <p class='ocr_par' dir='ltr' id='par_1_3' title="bbox 98 783 1226 1283">
     <span class='ocr_line' id='line_1_6' title="bbox 98 783 1225 881; baseline -0.011 -19"><span class='ocrx_word' id='word_1_37' title='bbox 98 801 230 871; x_wconf 57' lang='lat' dir='ltr'>{tibtote</span> <span class='ocrx_word' id='word_1_38' title='bbox 252 795 419 881; x_wconf 67' lang='grc' dir='ltr'><em>ἔκπληξιν·</em></span> <span class='ocrx_word' id='word_1_39' title='bbox 462 789 508 862; x_wconf 76' lang='grc' dir='ltr'>ὧν</span> <span class='ocrx_word' id='word_1_40' title='bbox 529 795 546 858; x_wconf 85' lang='grc' dir='ltr'><em>ό</em></span> <span class='ocrx_word' id='word_1_41' title='bbox 571 801 692 878; x_wconf 75' lang='grc' dir='ltr'><em>πρῶτος</em></span> <span class='ocrx_word' id='word_1_42' title='bbox 712 797 767 859; x_wconf 85' lang='grc' dir='ltr'><em>ιιοί</em></span> <span class='ocrx_word' id='word_1_43' title='bbox 785 793 922 876; x_wconf 77' lang='grc' dir='ltr'><em>μάλιστα</em></span> <span class='ocrx_word' id='word_1_44' title='bbox 945 791 1071 856; x_wconf 88' lang='grc' dir='ltr'><em>πόντων</em></span> <span class='ocrx_word' id='word_1_45' title='bbox 1094 783 1225 870; x_wconf 81' lang='grc' dir='ltr'><em>όμόιμυ-</em></span> 
     </span>
     <span class='ocr_line' id='line_1_7' title="bbox 122 888 1225 980; baseline -0.005 -22"><span class='ocrx_word' id='word_1_46' title='bbox 122 894 180 979; x_wconf 88' lang='grc' dir='ltr'>χός</span> <span class='ocrx_word' id='word_1_47' title='bbox 199 921 233 960; x_wconf 86' lang='grc' dir='ltr'><em>τε</em></span> <span class='ocrx_word' id='word_1_48' title='bbox 255 901 310 962; x_wconf 77' lang='grc' dir='ltr'><em>κατ’</em></span> <span class='ocrx_word' id='word_1_49' title='bbox 339 893 530 980; x_wconf 74' lang='grc' dir='ltr'><em>ὁμογνώμων</em></span> <span class='ocrx_word' id='word_1_50' title='bbox 558 897 612 961; x_wconf 83' lang='grc' dir='ltr'>καί</span> <span class='ocrx_word' id='word_1_51' title='bbox 638 895 739 961; x_wconf 80' lang='grc' dir='ltr'><em>πάντα</em></span> <span class='ocrx_word' id='word_1_52' title='bbox 770 893 976 976; x_wconf 76' lang='grc' dir='ltr'><em>στεργόμενος</em></span> <span class='ocrx_word' id='word_1_53' title='bbox 1007 888 1225 972; x_wconf 80' lang='grc' dir='ltr'><em>α’νελόμβανεν</em></span> 
     </span>
     <span class='ocr_line' id='line_1_8' title="bbox 124 991 1223 1086; baseline -0.004 -26"><span class='ocrx_word' id='word_1_54' title='bbox 124 991 226 1072; x_wconf 77' lang='grc' dir='ltr'><em>εόθός</em></span> <span class='ocrx_word' id='word_1_55' title='bbox 247 997 286 1062; x_wconf 87' lang='grc' dir='ltr'>τό</span> <span class='ocrx_word' id='word_1_56' title='bbox 307 1000 365 1063; x_wconf 85' lang='grc' dir='ltr'>τού</span> <span class='ocrx_word' id='word_1_57' title='bbox 388 997 421 1062; x_wconf 80' lang='grc' dir='ltr'>ἐν</span> <span class='ocrx_word' id='word_1_58' title='bbox 445 997 607 1086; x_wconf 79' lang='grc' dir='ltr'><em>Θαβιορίφ</em></span> <span class='ocrx_word' id='word_1_59' title='bbox 629 1000 672 1086; x_wconf 77' lang='grc' dir='ltr'>τῷ</span> <span class='ocrx_word' id='word_1_60' title='bbox 697 992 765 1080; x_wconf 86' lang='grc' dir='ltr'><em>όρει</em></span> <span class='ocrx_word' id='word_1_61' title='bbox 790 995 896 1083; x_wconf 84' lang='grc' dir='ltr'><em>φωτός</em></span> <span class='ocrx_word' id='word_1_62' title='bbox 916 997 1018 1065; x_wconf 74' lang='lat' dir='ltr'>insius</span> <span class='ocrx_word' id='word_1_63' title='bbox 1033 993 1118 1077; x_wconf 57' lang='grc' dir='ltr'><em>,ικαὶ</em></span> <span class='ocrx_word' id='word_1_64' title='bbox 1141 993 1223 1056; x_wconf 75' lang='grc' dir='ltr'><em>ἐλοι-</em></span> 
     </span>
     <span class='ocr_line' id='line_1_9' title="bbox 126 1094 1226 1184; baseline -0.006 -22"><span class='ocrx_word' id='word_1_65' title='bbox 126 1099 215 1182; x_wconf 91' lang='grc' dir='ltr'><em>δόρει</em></span> <span class='ocrx_word' id='word_1_66' title='bbox 244 1097 297 1164; x_wconf 89' lang='grc' dir='ltr'>τόν</span> <span class='ocrx_word' id='word_1_67' title='bbox 327 1099 406 1184; x_wconf 78' lang='grc' dir='ltr'><em>ύπὲρ</em></span> <span class='ocrx_word' id='word_1_68' title='bbox 431 1103 579 1181; x_wconf 78' lang='grc' dir='ltr'><em>Χριστοῦ</em></span> <span class='ocrx_word' id='word_1_69' title='bbox 606 1098 863 1164; x_wconf 63' lang='lat' dir='ltr'>setensteten</span> <span class='ocrx_word' id='word_1_70' title='bbox 892 1095 947 1179; x_wconf 77' lang='grc' dir='ltr'>τῆς</span> <span class='ocrx_word' id='word_1_71' title='bbox 970 1096 1135 1179; x_wconf 77' lang='grc' dir='ltr'><strong><em>ἐκκλησίας</em></strong></span> <span class='ocrx_word' id='word_1_72' title='bbox 1153 1094 1226 1173; x_wconf 82' lang='grc' dir='ltr'><em>δογ-</em></span> 
     </span>
     <span class='ocr_line' id='line_1_10' title="bbox 124 1192 1226 1283; baseline -0.005 -20"><span class='ocrx_word' id='word_1_73' title='bbox 124 1201 235 1280; x_wconf 83' lang='grc' dir='ltr'><em>μάτων</em></span> <span class='ocrx_word' id='word_1_74' title='bbox 254 1205 357 1283; x_wconf 89' lang='grc' dir='ltr'><em>μυρία</em></span> <span class='ocrx_word' id='word_1_75' title='bbox 379 1197 521 1264; x_wconf 74' lang='grc' dir='ltr'><em>παθόντα</em></span> <span class='ocrx_word' id='word_1_76' title='bbox 546 1197 633 1264; x_wconf 85' lang='grc' dir='ltr'><em>δεινό</em></span> <span class='ocrx_word' id='word_1_77' title='bbox 659 1199 838 1283; x_wconf 82' lang='grc' dir='ltr'><em>Θεόδωρον,</em></span> <span class='ocrx_word' id='word_1_78' title='bbox 861 1192 896 1273; x_wconf 86' lang='grc' dir='ltr'>ός</span> <span class='ocrx_word' id='word_1_79' title='bbox 918 1193 998 1280; x_wconf 83' lang='grc' dir='ltr'><em>πρός</em></span> <span class='ocrx_word' id='word_1_80' title='bbox 1020 1197 1084 1259; x_wconf 68' lang='grc' dir='ltr'><em>τοῖν</em></span> <span class='ocrx_word' id='word_1_81' title='bbox 1105 1195 1226 1259; x_wconf 74' lang='lat' dir='ltr'>rixoso-</span> 
     </span>
    </p>

    <p class='ocr_par' dir='ltr' id='par_1_4' title="bbox 82 1295 1226 1587">
     <span class='ocr_line' id='line_1_11' title="bbox 82 1295 1226 1386; baseline -0.003 -23"><span class='ocrx_word' id='word_1_82' title='bbox 82 1298 238 1385; x_wconf 86' lang='grc' dir='ltr'><em>1ομύχων</em></span> <span class='ocrx_word' id='word_1_83' title='bbox 258 1299 336 1383; x_wconf 87' lang='grc' dir='ltr'><em>μειό</em></span> <span class='ocrx_word' id='word_1_84' title='bbox 369 1301 519 1376; x_wconf 76' lang='grc' dir='ltr'>πλείστας</span> <span class='ocrx_word' id='word_1_85' title='bbox 540 1300 690 1386; x_wconf 89' lang='grc' dir='ltr'><em>πρότερον</em></span> <span class='ocrx_word' id='word_1_86' title='bbox 721 1300 776 1366; x_wconf 81' lang='grc' dir='ltr'>καὶ</span> <span class='ocrx_word' id='word_1_87' title='bbox 807 1301 981 1386; x_wconf 77' lang='grc' dir='ltr'><em>διαφόρους</em></span> <span class='ocrx_word' id='word_1_88' title='bbox 1003 1295 1147 1371; x_wconf 81' lang='grc' dir='ltr'>κολάσεις</span> <span class='ocrx_word' id='word_1_89' title='bbox 1170 1319 1226 1360; x_wconf 85' lang='grc' dir='ltr'><em>ιια·</em></span> 
     </span>
     <span class='ocr_line' id='line_1_12' title="bbox 124 1393 1225 1484; baseline -0.007 -18"><span class='ocrx_word' id='word_1_90' title='bbox 124 1402 228 1483; x_wconf 76' lang='grc' dir='ltr'><em>θόπερ</em></span> <span class='ocrx_word' id='word_1_91' title='bbox 266 1401 367 1483; x_wconf 78' lang='grc' dir='ltr'><em>α’μνός</em></span> <span class='ocrx_word' id='word_1_92' title='bbox 403 1401 482 1465; x_wconf 80' lang='grc' dir='ltr'><em>κατὰ</em></span> <span class='ocrx_word' id='word_1_93' title='bbox 515 1406 571 1484; x_wconf 70' lang='grc' dir='ltr'>γῆς</span> <span class='ocrx_word' id='word_1_94' title='bbox 605 1402 743 1476; x_wconf 75' lang='grc' dir='ltr'><em>ἐκτεθείς</em></span> <span class='ocrx_word' id='word_1_95' title='bbox 771 1402 888 1481; x_wconf 85' lang='grc' dir='ltr'><em>όιιμαῖς</em></span> <span class='ocrx_word' id='word_1_96' title='bbox 919 1393 1058 1480; x_wconf 71' lang='grc' dir='ltr'><em>σιδὴρων</em></span> <span class='ocrx_word' id='word_1_97' title='bbox 1088 1396 1225 1474; x_wconf 80' lang='grc' dir='ltr'><em>ἐστίζετσ</em></span> 
     </span>
     <span class='ocr_line' id='line_1_13' title="bbox 125 1494 1224 1587; baseline -0.005 -22"><span class='ocrx_word' id='word_1_98' title='bbox 125 1499 321 1587; x_wconf 75' lang='grc' dir='ltr'><em>γραφόμενος</em></span> <span class='ocrx_word' id='word_1_99' title='bbox 344 1496 430 1566; x_wconf 78' lang='grc' dir='ltr'><em>ἅπαν</em></span> <span class='ocrx_word' id='word_1_100' title='bbox 451 1500 485 1566; x_wconf 90' lang='grc' dir='ltr'>τό</span> <span class='ocrx_word' id='word_1_101' title='bbox 506 1505 698 1586; x_wconf 84' lang='grc' dir='ltr'><em>πρόσωπον,</em></span> <span class='ocrx_word' id='word_1_102' title='bbox 711 1499 804 1583; x_wconf 77' lang='grc' dir='ltr'><em>ἔμενε</em></span> <span class='ocrx_word' id='word_1_103' title='bbox 827 1503 861 1564; x_wconf 82' lang='grc' dir='ltr'>δὲ</span> <span class='ocrx_word' id='word_1_104' title='bbox 883 1497 940 1582; x_wconf 65' lang='grc' dir='ltr'>τόν</span> <span class='ocrx_word' id='word_1_105' title='bbox 956 1494 1067 1580; x_wconf 73' lang='grc' dir='ltr'><em>ψυχήν</em></span> <span class='ocrx_word' id='word_1_106' title='bbox 1083 1494 1224 1578; x_wconf 80' lang='grc' dir='ltr'><em>οἷκλινής,</em></span> 
     </span>
    </p>

    <p class='ocr_par' dir='ltr' id='par_1_5' title="bbox 56 1587 1322 1791">
     <span class='ocr_line' id='line_1_14' title="bbox 56 1587 1225 1691; baseline -0.008 -20"><span class='ocrx_word' id='word_1_107' title='bbox 56 1587 64 1602; x_wconf 28' lang='lat' dir='ltr'>x</span> <span class='ocrx_word' id='word_1_108' title='bbox 124 1607 183 1679; x_wconf 77' lang='grc' dir='ltr'>ἕως</span> <span class='ocrx_word' id='word_1_109' title='bbox 202 1606 246 1680; x_wconf 83' lang='grc' dir='ltr'><em>εἰς</em></span> <span class='ocrx_word' id='word_1_110' title='bbox 270 1606 396 1686; x_wconf 83' lang='grc' dir='ltr'><em>ε’ξυριάν</em></span> <span class='ocrx_word' id='word_1_111' title='bbox 419 1606 604 1686; x_wconf 78' lang='grc' dir='ltr'><em>α’πενεχθεός</em></span> <span class='ocrx_word' id='word_1_112' title='bbox 625 1607 666 1688; x_wconf 77' lang='grc' dir='ltr'>τῷ</span> <span class='ocrx_word' id='word_1_113' title='bbox 688 1599 853 1691; x_wconf 84' lang='grc' dir='ltr'><em>α’δειιόοτιρ</em></span> <span class='ocrx_word' id='word_1_114' title='bbox 880 1604 1016 1664; x_wconf 77' lang='grc' dir='ltr'><em>δέδωκεν</em></span> <span class='ocrx_word' id='word_1_115' title='bbox 1040 1598 1140 1681; x_wconf 75' lang='grc' dir='ltr'><em>αύτὴν</em></span> <span class='ocrx_word' id='word_1_116' title='bbox 1160 1592 1225 1662; x_wconf 73' lang='grc' dir='ltr'><em>οἶδ·</em></span> 
     </span>
     <span class='ocr_line' id='line_1_15' title="bbox 123 1697 1322 1791; baseline -0.003 -24"><span class='ocrx_word' id='word_1_117' title='bbox 123 1707 237 1788; x_wconf 75' lang='grc' dir='ltr'><em>λοδέτη</em></span> <span class='ocrx_word' id='word_1_118' title='bbox 260 1708 333 1791; x_wconf 74' lang='grc' dir='ltr'><em>θεῷ.</em></span> <span class='ocrx_word' id='word_1_119' title='bbox 376 1704 529 1784; x_wconf 79' lang='grc' dir='ltr'><em>ἐλοιδόρει</em></span> <span class='ocrx_word' id='word_1_120' title='bbox 553 1706 583 1765; x_wconf 87' lang='grc' dir='ltr'>δ’</span> <span class='ocrx_word' id='word_1_121' title='bbox 603 1701 719 1768; x_wconf 74' lang='grc' dir='ltr'><em>ἐκεῖνον</em></span> <span class='ocrx_word' id='word_1_122' title='bbox 738 1698 784 1768; x_wconf 85' lang='grc' dir='ltr'><em>ότι</em></span> <span class='ocrx_word' id='word_1_123' title='bbox 810 1705 939 1785; x_wconf 72' lang='grc' dir='ltr'><em>βοηθόν</em></span> <span class='ocrx_word' id='word_1_124' title='bbox 969 1697 1154 1787; x_wconf 80' lang='grc' dir='ltr'><em>όρθοδόξοις</em></span> <span class='ocrx_word' id='word_1_125' title='bbox 1176 1705 1291 1782; x_wconf 69' lang='lat' dir='ltr'>{it-11</span> <span class='ocrx_word' id='word_1_126' title='bbox 1319 1703 1322 1710; x_wconf 81' lang='lat'>&#39;</span> 
     </span>
    </p>

    <p class='ocr_par' dir='ltr' id='par_1_6' title="bbox 81 1797 1228 2298">
     <span class='ocr_line' id='line_1_16' title="bbox 81 1797 1226 1892; baseline -0.001 -26"><span class='ocrx_word' id='word_1_127' title='bbox 81 1814 115 1867; x_wconf 84' lang='grc'>15</span> <span class='ocrx_word' id='word_1_128' title='bbox 123 1807 198 1887; x_wconf 80' lang='grc' dir='ltr'><em>βλίσ</em></span> <span class='ocrx_word' id='word_1_129' title='bbox 219 1806 301 1868; x_wconf 87' lang='grc' dir='ltr'><em>κατό</em></span> <span class='ocrx_word' id='word_1_130' title='bbox 324 1808 386 1870; x_wconf 76' lang='grc' dir='ltr'>τῶν</span> <span class='ocrx_word' id='word_1_131' title='bbox 405 1801 622 1887; x_wconf 79' lang='grc' dir='ltr'><em>εἰκονομόχισν</em></span> <span class='ocrx_word' id='word_1_132' title='bbox 644 1804 748 1888; x_wconf 74' lang='grc' dir='ltr'><em>ἀφῆκε</em></span> <span class='ocrx_word' id='word_1_133' title='bbox 766 1805 812 1891; x_wconf 70' lang='grc' dir='ltr'>,τῷ</span> <span class='ocrx_word' id='word_1_134' title='bbox 835 1803 907 1892; x_wconf 78' lang='grc' dir='ltr'><em>βίῳ,</em></span> <span class='ocrx_word' id='word_1_135' title='bbox 929 1804 987 1890; x_wconf 82' lang='grc' dir='ltr'>τὴν</span> <span class='ocrx_word' id='word_1_136' title='bbox 1008 1797 1135 1868; x_wconf 75' lang='grc' dir='ltr'><em>ἐκείνων</em></span> <span class='ocrx_word' id='word_1_137' title='bbox 1157 1801 1226 1865; x_wconf 89' lang='grc' dir='ltr'><em>τότε</em></span> 
     </span>
     <span class='ocr_line' id='line_1_17' title="bbox 125 1902 1227 1993; baseline 0.001 -25"><span class='ocrx_word' id='word_1_138' title='bbox 125 1907 326 1987; x_wconf 75' lang='grc' dir='ltr'><em>ἐξελέγχοντα</em></span> <span class='ocrx_word' id='word_1_139' title='bbox 351 1907 550 1987; x_wconf 72' lang='grc' dir='ltr'><em>δυσσέβειαν,</em></span> <span class='ocrx_word' id='word_1_140' title='bbox 573 1907 629 1971; x_wconf 84' lang='grc' dir='ltr'>νύν</span> <span class='ocrx_word' id='word_1_141' title='bbox 651 1909 686 1970; x_wconf 82' lang='grc' dir='ltr'>δὲ</span> <span class='ocrx_word' id='word_1_142' title='bbox 707 1905 766 1993; x_wconf 73' lang='grc' dir='ltr'>τὴν</span> <span class='ocrx_word' id='word_1_143' title='bbox 779 1902 986 1990; x_wconf 74' lang='grc' dir='ltr'><em>Παλαμιιιήν,</em></span> <span class='ocrx_word' id='word_1_144' title='bbox 1008 1907 1043 1970; x_wconf 80' lang='grc' dir='ltr'>ἐκ</span> <span class='ocrx_word' id='word_1_145' title='bbox 1063 1907 1141 1987; x_wconf 84' lang='grc' dir='ltr'><em>μιός</em></span> <span class='ocrx_word' id='word_1_146' title='bbox 1163 1903 1227 1989; x_wconf 81' lang='grc' dir='ltr'><em>α’ρ-</em></span> 
     </span>
     <span class='ocr_line' id='line_1_18' title="bbox 126 1999 1227 2094; baseline 0.001 -26"><span class='ocrx_word' id='word_1_147' title='bbox 126 2008 268 2083; x_wconf 80' lang='grc' dir='ltr'><em>ξαμένων</em></span> <span class='ocrx_word' id='word_1_148' title='bbox 289 2007 411 2091; x_wconf 81' lang='grc' dir='ltr'><em>οἷμφοῖν</em></span> <span class='ocrx_word' id='word_1_149' title='bbox 432 2007 649 2093; x_wconf 77' lang='grc' dir='ltr'><em>προφάσεως,</em></span> <span class='ocrx_word' id='word_1_150' title='bbox 670 2011 729 2072; x_wconf 85' lang='grc' dir='ltr'>τού</span> <span class='ocrx_word' id='word_1_151' title='bbox 751 2006 784 2072; x_wconf 80' lang='grc' dir='ltr'>ἐν</span> <span class='ocrx_word' id='word_1_152' title='bbox 810 2008 969 2094; x_wconf 79' lang='grc' dir='ltr'><em>Θαβιορίφ</em></span> <span class='ocrx_word' id='word_1_153' title='bbox 990 2008 1135 2094; x_wconf 75' lang='grc' dir='ltr'><em>λέγειτῷ</em></span> <span class='ocrx_word' id='word_1_154' title='bbox 1158 1999 1227 2088; x_wconf 84' lang='grc' dir='ltr'><em>όρει</em></span> 
     </span>
     <span class='ocr_line' id='line_1_19' title="bbox 126 2100 1228 2192; baseline 0.001 -23"><span class='ocrx_word' id='word_1_155' title='bbox 126 2100 243 2189; x_wconf 85' lang='grc' dir='ltr'><em>φωτός,</em></span> <span class='ocrx_word' id='word_1_156' title='bbox 263 2104 305 2184; x_wconf 77' lang='grc' dir='ltr'>ὦς</span> <span class='ocrx_word' id='word_1_157' title='bbox 328 2108 534 2191; x_wconf 74' lang='grc' dir='ltr'><em>δειχθήσεται</em></span> <span class='ocrx_word' id='word_1_158' title='bbox 556 2108 749 2192; x_wconf 83' lang='grc' dir='ltr'><em>πλατύτερον</em></span> <span class='ocrx_word' id='word_1_159' title='bbox 774 2105 937 2191; x_wconf 87' lang='grc' dir='ltr'><em>προϊόντος</em></span> <span class='ocrx_word' id='word_1_160' title='bbox 961 2109 1020 2170; x_wconf 82' lang='grc' dir='ltr'>τού</span> <span class='ocrx_word' id='word_1_161' title='bbox 1039 2106 1145 2188; x_wconf 80' lang='grc' dir='ltr'><em>λόγου.</em></span> <span class='ocrx_word' id='word_1_162' title='bbox 1173 2109 1228 2170; x_wconf 83' lang='grc' dir='ltr'>καί</span> 
     </span>
     <span class='ocr_line' id='line_1_20' title="bbox 126 2205 1226 2298; baseline 0.002 -29"><span class='ocrx_word' id='word_1_163' title='bbox 126 2211 200 2271; x_wconf 90' lang='grc' dir='ltr'><em>ποία</em></span> <span class='ocrx_word' id='word_1_164' title='bbox 224 2213 357 2292; x_wconf 78' lang='grc' dir='ltr'><em>τοῦτον,</em></span> <span class='ocrx_word' id='word_1_165' title='bbox 377 2207 534 2293; x_wconf 82' lang='grc' dir='ltr'><em>ἔφασκεν,</em></span> <span class='ocrx_word' id='word_1_166' title='bbox 555 2205 640 2274; x_wconf 83' lang='grc' dir='ltr'><em>οἶδεν</em></span> <span class='ocrx_word' id='word_1_167' title='bbox 672 2209 842 2298; x_wconf 69' lang='grc' dir='ltr'><em>ε’κμλησιλις</em></span> <span class='ocrx_word' id='word_1_168' title='bbox 873 2206 929 2272; x_wconf 80' lang='grc' dir='ltr'>καί</span> <span class='ocrx_word' id='word_1_169' title='bbox 948 2214 994 2284; x_wconf 90' lang='grc' dir='ltr'>τίς</span> <span class='ocrx_word' id='word_1_170' title='bbox 1031 2206 1134 2271; x_wconf 84' lang='grc' dir='ltr'><em>αύτοό</em></span> <span class='ocrx_word' id='word_1_171' title='bbox 1151 2209 1226 2271; x_wconf 79' lang='grc' dir='ltr'><em>ποτὲ</em></span> 
     </span>
    </p>

    <p class='ocr_par' dir='ltr' id='par_1_7' title="bbox 82 2297 1365 2702">
     <span class='ocr_line' id='line_1_21' title="bbox 82 2297 1365 2395; baseline -0.003 -21"><span class='ocrx_word' id='word_1_172' title='bbox 82 2307 251 2394; x_wconf 57' lang='lat' dir='ltr'>convitans</span> <span class='ocrx_word' id='word_1_173' title='bbox 275 2297 440 2395; x_wconf 75' lang='grc' dir='ltr'><em>πεποίιμσιό</em></span> <span class='ocrx_word' id='word_1_174' title='bbox 463 2316 525 2375; x_wconf 83' lang='grc' dir='ltr'><em>ιιόν</em></span> <span class='ocrx_word' id='word_1_175' title='bbox 546 2310 693 2393; x_wconf 73' lang='grc' dir='ltr'><em>ἡμερῶνς</em></span> <span class='ocrx_word' id='word_1_176' title='bbox 715 2317 771 2374; x_wconf 82' lang='grc' dir='ltr'><em>κατ’</em></span> <span class='ocrx_word' id='word_1_177' title='bbox 791 2307 890 2374; x_wconf 79' lang='grc' dir='ltr'><em>πολλοὶ</em></span> <span class='ocrx_word' id='word_1_178' title='bbox 915 2311 1048 2374; x_wconf 80' lang='grc' dir='ltr'><em>τοιαῦτα</em></span> <span class='ocrx_word' id='word_1_179' title='bbox 1070 2308 1226 2390; x_wconf 75' lang='grc' dir='ltr'><em>συνείρων</em></span> <span class='ocrx_word' id='word_1_180' title='bbox 1253 2383 1257 2390; x_wconf 28' lang='lat'><strong>¹</strong></span> <span class='ocrx_word' id='word_1_181' title='bbox 1359 2375 1365 2384; x_wconf 66' lang='grc'><em>,</em></span> 
     </span>
     <span class='ocr_line' id='line_1_22' title="bbox 125 2403 1227 2497; baseline -0.001 -24"><span class='ocrx_word' id='word_1_182' title='bbox 125 2408 181 2492; x_wconf 71' lang='grc' dir='ltr'>τήν</span> <span class='ocrx_word' id='word_1_183' title='bbox 208 2414 271 2488; x_wconf 75' lang='grc' dir='ltr'>τῶν</span> <span class='ocrx_word' id='word_1_184' title='bbox 304 2415 515 2497; x_wconf 74' lang='grc' dir='ltr'><em>βλασφημιῶν</em></span> <span class='ocrx_word' id='word_1_185' title='bbox 537 2413 683 2497; x_wconf 57' lang='lat' dir='ltr'>intumus</span> <span class='ocrx_word' id='word_1_186' title='bbox 707 2413 864 2496; x_wconf 76' lang='grc' dir='ltr'><em>κορωνίδα</em></span> <span class='ocrx_word' id='word_1_187' title='bbox 876 2461 885 2494; x_wconf 94' lang='grc'><em>,</em></span> <span class='ocrx_word' id='word_1_188' title='bbox 907 2409 952 2476; x_wconf 86' lang='grc' dir='ltr'><em>ότι</em></span> <span class='ocrx_word' id='word_1_189' title='bbox 974 2408 1068 2476; x_wconf 77' lang='grc' dir='ltr'><em>πάνθ’</em></span> <span class='ocrx_word' id='word_1_190' title='bbox 1093 2403 1153 2475; x_wconf 88' lang='grc' dir='ltr'>όσα</span> <span class='ocrx_word' id='word_1_191' title='bbox 1173 2412 1227 2489; x_wconf 79' lang='grc' dir='ltr'><em>βι-</em></span> 
     </span>
     <span class='ocr_line' id='line_1_23' title="bbox 123 2509 1334 2599; baseline -0.001 -24"><span class='ocrx_word' id='word_1_192' title='bbox 123 2513 199 2592; x_wconf 78' lang='grc' dir='ltr'><em>βλία</em></span> <span class='ocrx_word' id='word_1_193' title='bbox 220 2517 413 2598; x_wconf 74' lang='grc' dir='ltr'><em>πεποιῆσθαι</em></span> <span class='ocrx_word' id='word_1_194' title='bbox 442 2517 564 2597; x_wconf 74' lang='grc' dir='ltr'><em>λέγεται</em></span> <span class='ocrx_word' id='word_1_195' title='bbox 584 2512 665 2579; x_wconf 83' lang='grc' dir='ltr'><em>κατό</em></span> <span class='ocrx_word' id='word_1_196' title='bbox 694 2518 758 2580; x_wconf 74' lang='grc' dir='ltr'>τῶν</span> <span class='ocrx_word' id='word_1_197' title='bbox 784 2515 1000 2598; x_wconf 84' lang='grc' dir='ltr'><em>εἶτονομόχιον</em></span> <span class='ocrx_word' id='word_1_198' title='bbox 1021 2513 1109 2599; x_wconf 73' lang='grc' dir='ltr'><em>αύτῷ</em></span> <span class='ocrx_word' id='word_1_199' title='bbox 1134 2509 1227 2597; x_wconf 68' lang='lat' dir='ltr'>cipi-</span> <span class='ocrx_word' id='word_1_200' title='bbox 1332 2567 1334 2574; x_wconf 88' lang='grc'><em>,</em></span> 
     </span>
     <span class='ocr_line' id='line_1_24' title="bbox 124 2615 1227 2702; baseline 0 -23"><span class='ocrx_word' id='word_1_201' title='bbox 124 2636 206 2680; x_wconf 88' lang='grc' dir='ltr'><em>σεων</em></span> <span class='ocrx_word' id='word_1_202' title='bbox 227 2615 317 2698; x_wconf 79' lang='grc' dir='ltr'><em>γέμει</em></span> <span class='ocrx_word' id='word_1_203' title='bbox 336 2616 478 2702; x_wconf 76' lang='grc' dir='ltr'><em>μακρῶν.</em></span> <span class='ocrx_word' id='word_1_204' title='bbox 499 2618 555 2682; x_wconf 78' lang='grc' dir='ltr'><em>κατ’</em></span> <span class='ocrx_word' id='word_1_205' title='bbox 575 2616 606 2681; x_wconf 80' lang='grc' dir='ltr'><em>εἰ</em></span> <span class='ocrx_word' id='word_1_206' title='bbox 626 2620 685 2700; x_wconf 78' lang='grc' dir='ltr'><em>μὲν</em></span> <span class='ocrx_word' id='word_1_207' title='bbox 706 2617 811 2702; x_wconf 73' lang='grc' dir='ltr'><em>ἕτεροί</em></span> <span class='ocrx_word' id='word_1_208' title='bbox 830 2640 909 2694; x_wconf 88' lang='grc' dir='ltr'><em>τινες</em></span> <span class='ocrx_word' id='word_1_209' title='bbox 927 2616 1142 2700; x_wconf 75' lang='grc' dir='ltr'><em>ὕποβολιμαῖα</em></span> <span class='ocrx_word' id='word_1_210' title='bbox 1161 2639 1227 2680; x_wconf 87' lang='grc' dir='ltr'>πα-</span> 
     </span>
    </p>
   </div>
   <div class='ocr_carea' id='block_1_3' title="bbox 105 2909 1308 4207">
    <p class='ocr_par' dir='ltr' id='par_1_8' title="bbox 128 2909 1227 3203">
     <span class='ocr_line' id='line_1_25' title="bbox 226 2909 1227 2987; baseline 0.001 -15"><span class='ocrx_word' id='word_1_211' title='bbox 226 2918 329 2984; x_wconf 73' lang='lat' dir='ltr'>Quibus</span> <span class='ocrx_word' id='word_1_212' title='bbox 348 2909 426 2971; x_wconf 78' lang='lat' dir='ltr'>dictis</span> <span class='ocrx_word' id='word_1_213' title='bbox 444 2919 602 2986; x_wconf 87' lang='lat' dir='ltr'>inceperunt</span> <span class='ocrx_word' id='word_1_214' title='bbox 613 2921 717 2987; x_wconf 86' lang='lat' dir='ltr'>quidam</span> <span class='ocrx_word' id='word_1_215' title='bbox 725 2935 821 2987; x_wconf 87' lang='lat' dir='ltr'>parare</span> <span class='ocrx_word' id='word_1_216' title='bbox 835 2920 955 2972; x_wconf 85' lang='lat' dir='ltr'>insidias.</span> <span class='ocrx_word' id='word_1_217' title='bbox 993 2925 1136 2972; x_wconf 85' lang='lat' dir='ltr'>consuerat</span> <span class='ocrx_word' id='word_1_218' title='bbox 1156 2921 1227 2974; x_wconf 83' lang='lat' dir='ltr'>enim</span> 
     </span>
     <span class='ocr_line' id='line_1_26' title="bbox 129 2989 1226 3047; baseline -0.002 -1"><span class='ocrx_word' id='word_1_219' title='bbox 129 2992 332 3047; x_wconf 82' lang='lat' dir='ltr'>Gantacusenus</span> <span class='ocrx_word' id='word_1_220' title='bbox 351 2991 379 3041; x_wconf 90' lang='lat' dir='ltr'>iu</span> <span class='ocrx_word' id='word_1_221' title='bbox 398 2989 549 3042; x_wconf 87' lang='lat' dir='ltr'>huiusmodi</span> <span class='ocrx_word' id='word_1_222' title='bbox 565 2991 646 3044; x_wconf 85' lang='lat' dir='ltr'>robus</span> <span class='ocrx_word' id='word_1_223' title='bbox 665 2994 835 3045; x_wconf 72' lang='lat' dir='ltr'>insidiatores</span> <span class='ocrx_word' id='word_1_224' title='bbox 855 2992 988 3042; x_wconf 85' lang='lat' dir='ltr'>instruere</span> <span class='ocrx_word' id='word_1_225' title='bbox 1015 2998 1042 3041; x_wconf 88' lang='lat' dir='ltr'>ct</span> <span class='ocrx_word' id='word_1_226' title='bbox 1064 3005 1098 3041; x_wconf 87' lang='lat' dir='ltr'>ex</span> <span class='ocrx_word' id='word_1_227' title='bbox 1117 2991 1226 3044; x_wconf 85' lang='lat' dir='ltr'>occuito</span> 
     </span>
     <span class='ocr_line' id='line_1_27' title="bbox 128 3061 1226 3132; baseline -0.005 -17"><span class='ocrx_word' id='word_1_228' title='bbox 128 3063 315 3115; x_wconf 85' lang='lat' dir='ltr'>Teichiaorum</span> <span class='ocrx_word' id='word_1_229' title='bbox 337 3062 428 3128; x_wconf 85' lang='lat' dir='ltr'>copias</span> <span class='ocrx_word' id='word_1_230' title='bbox 447 3062 613 3128; x_wconf 77' lang='lat' dir='ltr'>protrahere,</span> <span class='ocrx_word' id='word_1_231' title='bbox 632 3065 683 3131; x_wconf 88' lang='lat' dir='ltr'>ipsi</span> <span class='ocrx_word' id='word_1_232' title='bbox 703 3065 809 3132; x_wconf 88' lang='lat' dir='ltr'>quidem</span> <span class='ocrx_word' id='word_1_233' title='bbox 829 3063 928 3114; x_wconf 80' lang='lat' dir='ltr'>firmum</span> <span class='ocrx_word' id='word_1_234' title='bbox 949 3061 1104 3126; x_wconf 80' lang='lat' dir='ltr'>subsidium,</span> <span class='ocrx_word' id='word_1_235' title='bbox 1126 3063 1226 3115; x_wconf 83' lang='lat' dir='ltr'>adver.</span> 
     </span>
     <span class='ocr_line' id='line_1_28' title="bbox 129 3134 1226 3203; baseline -0.001 -16"><span class='ocrx_word' id='word_1_236' title='bbox 129 3134 208 3187; x_wconf 81' lang='lat' dir='ltr'>soriis</span> <span class='ocrx_word' id='word_1_237' title='bbox 226 3147 291 3185; x_wconf 84' lang='lat' dir='ltr'>vero</span> <span class='ocrx_word' id='word_1_238' title='bbox 312 3141 441 3185; x_wconf 89' lang='lat' dir='ltr'>terrorem</span> <span class='ocrx_word' id='word_1_239' title='bbox 461 3149 594 3202; x_wconf 81' lang='lat' dir='ltr'>magnum.</span> <span class='ocrx_word' id='word_1_240' title='bbox 632 3151 646 3186; x_wconf 93' lang='lat' dir='ltr'>e</span> <span class='ocrx_word' id='word_1_241' title='bbox 675 3136 771 3203; x_wconf 88' lang='lat' dir='ltr'>quibus</span> <span class='ocrx_word' id='word_1_242' title='bbox 798 3135 844 3202; x_wconf 90' lang='lat' dir='ltr'>qui</span> <span class='ocrx_word' id='word_1_243' title='bbox 870 3134 969 3200; x_wconf 87' lang='lat' dir='ltr'>primus</span> <span class='ocrx_word' id='word_1_244' title='bbox 995 3136 1112 3186; x_wconf 83' lang='lat' dir='ltr'>surrexit</span> <span class='ocrx_word' id='word_1_245' title='bbox 1135 3143 1162 3187; x_wconf 83' lang='lat' dir='ltr'>ct</span> <span class='ocrx_word' id='word_1_246' title='bbox 1182 3135 1226 3186; x_wconf 88' lang='lat' dir='ltr'>hic</span> 
     </span>
    </p>

    <p class='ocr_par' dir='ltr' id='par_1_9' title="bbox 105 3197 1308 4207">
     <span class='ocr_line' id='line_1_29' title="bbox 105 3197 1226 3277; baseline 0.003 -21"><span class='ocrx_word' id='word_1_247' title='bbox 105 3205 314 3277; x_wconf 57' lang='lat' dir='ltr'>‚quidem-cum</span> <span class='ocrx_word' id='word_1_248' title='bbox 335 3205 448 3272; x_wconf 84' lang='lat' dir='ltr'>reliquis</span> <span class='ocrx_word' id='word_1_249' title='bbox 470 3205 592 3256; x_wconf 85' lang='lat' dir='ltr'>omnihus</span> <span class='ocrx_word' id='word_1_250' title='bbox 612 3207 725 3258; x_wconf 87' lang='lat' dir='ltr'>maxime</span> <span class='ocrx_word' id='word_1_251' title='bbox 754 3206 918 3272; x_wconf 86' lang='lat' dir='ltr'>conspiravit</span> <span class='ocrx_word' id='word_1_252' title='bbox 937 3213 963 3256; x_wconf 86' lang='lat' dir='ltr'>ct</span> <span class='ocrx_word' id='word_1_253' title='bbox 983 3197 1092 3257; x_wconf 64' lang='lat' dir='ltr'>eandem</span> <span class='ocrx_word' id='word_1_254' title='bbox 1111 3215 1226 3259; x_wconf 90' lang='lat' dir='ltr'>mentem</span> 
     </span>
     <span class='ocr_line' id='line_1_30' title="bbox 130 3275 1226 3343; baseline -0.001 -13"><span class='ocrx_word' id='word_1_255' title='bbox 130 3276 222 3330; x_wconf 87' lang='lat' dir='ltr'>habuit</span> <span class='ocrx_word' id='word_1_256' title='bbox 244 3285 272 3328; x_wconf 89' lang='lat' dir='ltr'>et</span> <span class='ocrx_word' id='word_1_257' title='bbox 290 3276 368 3330; x_wconf 84' lang='lat' dir='ltr'>valde</span> <span class='ocrx_word' id='word_1_258' title='bbox 386 3276 509 3328; x_wconf 86' lang='lat' dir='ltr'>omnibus</span> <span class='ocrx_word' id='word_1_259' title='bbox 527 3276 642 3328; x_wconf 88' lang='lat' dir='ltr'>dilectus</span> <span class='ocrx_word' id='word_1_260' title='bbox 662 3284 728 3340; x_wconf 86' lang='lat' dir='ltr'>erat,</span> <span class='ocrx_word' id='word_1_261' title='bbox 747 3278 859 3343; x_wconf 79' lang='lat' dir='ltr'>arripuit</span> <span class='ocrx_word' id='word_1_262' title='bbox 875 3275 1027 3328; x_wconf 82' lang='lat' dir='ltr'>&#39;sermonem</span> <span class='ocrx_word' id='word_1_263' title='bbox 1047 3279 1080 3330; x_wconf 89' lang='lat' dir='ltr'>de</span> <span class='ocrx_word' id='word_1_264' title='bbox 1099 3277 1159 3331; x_wconf 86' lang='lat' dir='ltr'>lucc</span> <span class='ocrx_word' id='word_1_265' title='bbox 1179 3278 1226 3330; x_wconf 90' lang='lat' dir='ltr'>iiia</span> 
     </span>
     <span class='ocr_line' id='line_1_31' title="bbox 130 3347 1226 3417; baseline 0.003 -17"><span class='ocrx_word' id='word_1_266' title='bbox 130 3350 158 3400; x_wconf 87' lang='lat' dir='ltr'>in</span> <span class='ocrx_word' id='word_1_267' title='bbox 178 3357 267 3399; x_wconf 83' lang='lat' dir='ltr'>moute</span> <span class='ocrx_word' id='word_1_268' title='bbox 284 3347 421 3412; x_wconf 83' lang='lat' dir='ltr'>Thabore,</span> <span class='ocrx_word' id='word_1_269' title='bbox 441 3356 467 3399; x_wconf 91' lang='lat' dir='ltr'>et</span> <span class='ocrx_word' id='word_1_270' title='bbox 494 3349 663 3401; x_wconf 88' lang='lat' dir='ltr'>contumeliis</span> <span class='ocrx_word' id='word_1_271' title='bbox 682 3348 773 3400; x_wconf 89' lang='lat' dir='ltr'>obruit</span> <span class='ocrx_word' id='word_1_272' title='bbox 790 3348 955 3400; x_wconf 86' lang='lat' dir='ltr'>Theodorum</span> <span class='ocrx_word' id='word_1_273' title='bbox 981 3351 1026 3417; x_wconf 87' lang='lat' dir='ltr'>qui</span> <span class='ocrx_word' id='word_1_274' title='bbox 1051 3365 1099 3417; x_wconf 94' lang='lat' dir='ltr'>pro</span> <span class='ocrx_word' id='word_1_275' title='bbox 1120 3350 1226 3404; x_wconf 86' lang='lat' dir='ltr'>Christo</span> 
     </span>
     <span class='ocr_line' id='line_1_32' title="bbox 131 3420 1308 3489; baseline 0.002 -19"><span class='ocrx_word' id='word_1_276' title='bbox 131 3427 158 3470; x_wconf 86' lang='lat' dir='ltr'>et</span> <span class='ocrx_word' id='word_1_277' title='bbox 175 3421 274 3472; x_wconf 84' lang='lat' dir='ltr'>diuinis</span> <span class='ocrx_word' id='word_1_278' title='bbox 296 3420 430 3472; x_wconf 86' lang='lat' dir='ltr'>ecciesiae</span> <span class='ocrx_word' id='word_1_279' title='bbox 450 3420 600 3487; x_wconf 85' lang='lat' dir='ltr'>praeceptis</span> <span class='ocrx_word' id='word_1_280' title='bbox 620 3420 752 3472; x_wconf 89' lang='lat' dir='ltr'>cruciatos</span> <span class='ocrx_word' id='word_1_281' title='bbox 773 3435 887 3472; x_wconf 90' lang='lat' dir='ltr'>summos</span> <span class='ocrx_word' id='word_1_282' title='bbox 911 3435 1055 3487; x_wconf 86' lang='lat' dir='ltr'>perpessus</span> <span class='ocrx_word' id='word_1_283' title='bbox 1081 3429 1154 3485; x_wconf 84' lang='lat' dir='ltr'>erat3</span> <span class='ocrx_word' id='word_1_284' title='bbox 1181 3421 1227 3489; x_wconf 90' lang='lat' dir='ltr'>qui</span> <span class='ocrx_word' id='word_1_285' title='bbox 1296 3449 1308 3464; x_wconf 47' lang='grc' dir='ltr'><em>κ</em></span> 
     </span>
     <span class='ocr_line' id='line_1_33' title="bbox 130 3491 1227 3560; baseline -0.003 -18"><span class='ocrx_word' id='word_1_286' title='bbox 130 3491 163 3542; x_wconf 90' lang='lat' dir='ltr'>ab</span> <span class='ocrx_word' id='word_1_287' title='bbox 184 3491 367 3544; x_wconf 78' lang='lat' dir='ltr'>iconomachis</span> <span class='ocrx_word' id='word_1_288' title='bbox 386 3493 456 3544; x_wconf 82' lang='lat' dir='ltr'>inter</span> <span class='ocrx_word' id='word_1_289' title='bbox 477 3491 591 3559; x_wconf 91' lang='lat' dir='ltr'>plurima</span> <span class='ocrx_word' id='word_1_290' title='bbox 613 3501 639 3545; x_wconf 88' lang='lat' dir='ltr'>et</span> <span class='ocrx_word' id='word_1_291' title='bbox 659 3494 734 3544; x_wconf 86' lang='lat' dir='ltr'>varia</span> <span class='ocrx_word' id='word_1_292' title='bbox 753 3493 866 3545; x_wconf 81' lang='lat' dir='ltr'>uerbera</span> <span class='ocrx_word' id='word_1_293' title='bbox 886 3491 962 3544; x_wconf 77' lang='lat' dir='ltr'>vetut</span> <span class='ocrx_word' id='word_1_294' title='bbox 980 3507 1064 3560; x_wconf 83' lang='lat' dir='ltr'>agnus</span> <span class='ocrx_word' id='word_1_295' title='bbox 1084 3492 1157 3544; x_wconf 90' lang='lat' dir='ltr'>humi</span> <span class='ocrx_word' id='word_1_296' title='bbox 1177 3508 1227 3544; x_wconf 85' lang='lat' dir='ltr'>ex.</span> 
     </span>
     <span class='ocr_line' id='line_1_34' title="bbox 130 3563 1227 3631; baseline 0.001 -18"><span class='ocrx_word' id='word_1_297' title='bbox 130 3569 222 3614; x_wconf 86' lang='lat' dir='ltr'>tensus</span> <span class='ocrx_word' id='word_1_298' title='bbox 246 3563 346 3616; x_wconf 89' lang='lat' dir='ltr'>acubus</span> <span class='ocrx_word' id='word_1_299' title='bbox 365 3563 459 3615; x_wconf 78' lang='lat' dir='ltr'>ferreis</span> <span class='ocrx_word' id='word_1_300' title='bbox 480 3572 593 3631; x_wconf 88' lang='lat' dir='ltr'>punctus</span> <span class='ocrx_word' id='word_1_301' title='bbox 621 3573 680 3616; x_wconf 85' lang='lat' dir='ltr'>erat</span> <span class='ocrx_word' id='word_1_302' title='bbox 708 3563 887 3616; x_wconf 82' lang='lat' dir='ltr'>etlaeeratus</span> <span class='ocrx_word' id='word_1_303' title='bbox 906 3570 987 3614; x_wconf 87' lang='lat' dir='ltr'>totam</span> <span class='ocrx_word' id='word_1_304' title='bbox 1007 3563 1119 3627; x_wconf 81' lang='lat' dir='ltr'>iaciem3</span> <span class='ocrx_word' id='word_1_305' title='bbox 1138 3571 1227 3615; x_wconf 87' lang='lat' dir='ltr'>tamea</span> 
     </span>
     <span class='ocr_line' id='line_1_35' title="bbox 130 3635 1227 3702; baseline -0.002 -16"><span class='ocrx_word' id='word_1_306' title='bbox 130 3635 242 3686; x_wconf 89' lang='lat' dir='ltr'>animam</span> <span class='ocrx_word' id='word_1_307' title='bbox 260 3651 314 3687; x_wconf 88' lang='lat' dir='ltr'>aon</span> <span class='ocrx_word' id='word_1_308' title='bbox 333 3636 469 3687; x_wconf 89' lang='lat' dir='ltr'>abiecerat</span> <span class='ocrx_word' id='word_1_309' title='bbox 487 3636 573 3687; x_wconf 86' lang='lat' dir='ltr'>donec</span> <span class='ocrx_word' id='word_1_310' title='bbox 592 3636 655 3688; x_wconf 83' lang='lat' dir='ltr'>exui</span> <span class='ocrx_word' id='word_1_311' title='bbox 673 3636 756 3687; x_wconf 89' lang='lat' dir='ltr'>iudici</span> <span class='ocrx_word' id='word_1_312' title='bbox 776 3636 931 3702; x_wconf 88' lang='lat' dir='ltr'>incorrupto</span> <span class='ocrx_word' id='word_1_313' title='bbox 950 3635 1001 3686; x_wconf 88' lang='lat' dir='ltr'>deo</span> <span class='ocrx_word' id='word_1_314' title='bbox 1025 3649 1082 3685; x_wconf 90' lang='lat' dir='ltr'>eam</span> <span class='ocrx_word' id='word_1_315' title='bbox 1100 3636 1227 3687; x_wconf 84' lang='lat' dir='ltr'>tradidis-</span> 
     </span>
     <span class='ocr_line' id='line_1_36' title="bbox 130 3706 1227 3775; baseline -0.005 -16"><span class='ocrx_word' id='word_1_316' title='bbox 130 3714 181 3759; x_wconf 88' lang='lat' dir='ltr'>set.</span> <span class='ocrx_word' id='word_1_317' title='bbox 218 3706 388 3758; x_wconf 87' lang='lat' dir='ltr'>contumeliis</span> <span class='ocrx_word' id='word_1_318' title='bbox 406 3713 494 3757; x_wconf 89' lang='lat' dir='ltr'>autem</span> <span class='ocrx_word' id='word_1_319' title='bbox 514 3723 572 3758; x_wconf 92' lang='lat' dir='ltr'>cum</span> <span class='ocrx_word' id='word_1_320' title='bbox 599 3708 689 3760; x_wconf 80' lang='lat' dir='ltr'>affecit</span> <span class='ocrx_word' id='word_1_321' title='bbox 711 3709 782 3775; x_wconf 89' lang='lat' dir='ltr'>qaod</span> <span class='ocrx_word' id='word_1_322' title='bbox 801 3707 918 3759; x_wconf 86' lang='lat' dir='ltr'>iideiium</span> <span class='ocrx_word' id='word_1_323' title='bbox 944 3706 1033 3757; x_wconf 86' lang='lat' dir='ltr'>socius</span> <span class='ocrx_word' id='word_1_324' title='bbox 1052 3707 1150 3773; x_wconf 78' lang='lat' dir='ltr'>scripio</span> <span class='ocrx_word' id='word_1_325' title='bbox 1168 3707 1227 3759; x_wconf 84' lang='lat' dir='ltr'>edi.</span> 
     </span>
     <span class='ocr_line' id='line_1_37' title="bbox 130 3777 1226 3846; baseline -0.002 -16"><span class='ocrx_word' id='word_1_326' title='bbox 130 3778 206 3830; x_wconf 88' lang='lat' dir='ltr'>derat</span> <span class='ocrx_word' id='word_1_327' title='bbox 224 3779 319 3846; x_wconf 89' lang='lat' dir='ltr'>quibus</span> <span class='ocrx_word' id='word_1_328' title='bbox 339 3777 572 3844; x_wconf 87' lang='lat' dir='ltr'>iconomachorum</span> <span class='ocrx_word' id='word_1_329' title='bbox 591 3780 713 3846; x_wconf 88' lang='lat' dir='ltr'>impietas</span> <span class='ocrx_word' id='word_1_330' title='bbox 723 3777 973 3846; x_wconf 80' lang='lat' dir='ltr'>deprehendebatur</span> <span class='ocrx_word' id='word_1_331' title='bbox 983 3784 1046 3828; x_wconf 87' lang='lat' dir='ltr'>tunc</span> <span class='ocrx_word' id='word_1_332' title='bbox 1065 3793 1131 3830; x_wconf 80' lang='lat' dir='ltr'>vero</span> <span class='ocrx_word' id='word_1_333' title='bbox 1147 3780 1226 3830; x_wconf 86' lang='lat' dir='ltr'>etiam</span> 
     </span>
     <span class='ocr_line' id='line_1_38' title="bbox 133 3848 1227 3917; baseline -0.004 -16"><span class='ocrx_word' id='word_1_334' title='bbox 133 3848 320 3902; x_wconf 84' lang='lat' dir='ltr'>Palamitarnm</span> <span class='ocrx_word' id='word_1_335' title='bbox 342 3851 387 3917; x_wconf 86' lang='lat' dir='ltr'>qui</span> <span class='ocrx_word' id='word_1_336' title='bbox 408 3849 498 3899; x_wconf 86' lang='lat' dir='ltr'>eadem</span> <span class='ocrx_word' id='word_1_337' title='bbox 523 3851 660 3914; x_wconf 72' lang='lat' dir='ltr'>impietate</span> <span class='ocrx_word' id='word_1_338' title='bbox 678 3851 809 3902; x_wconf 88' lang='lat' dir='ltr'>submersi</span> <span class='ocrx_word' id='word_1_339' title='bbox 830 3857 913 3901; x_wconf 87' lang='lat' dir='ltr'>erant.</span> <span class='ocrx_word' id='word_1_340' title='bbox 951 3849 1012 3900; x_wconf 89' lang='lat' dir='ltr'>dico</span> <span class='ocrx_word' id='word_1_341' title='bbox 1034 3849 1102 3900; x_wconf 89' lang='lat' dir='ltr'>enim</span> <span class='ocrx_word' id='word_1_342' title='bbox 1121 3865 1227 3902; x_wconf 87' lang='lat' dir='ltr'>sermo.</span> 
     </span>
     <span class='ocr_line' id='line_1_39' title="bbox 131 3918 1227 3990; baseline -0.001 -18"><span class='ocrx_word' id='word_1_343' title='bbox 131 3937 192 3972; x_wconf 86' lang='lat' dir='ltr'>nem</span> <span class='ocrx_word' id='word_1_344' title='bbox 210 3923 244 3974; x_wconf 87' lang='lat' dir='ltr'>rie</span> <span class='ocrx_word' id='word_1_345' title='bbox 264 3921 326 3977; x_wconf 86' lang='lat' dir='ltr'>lucc</span> <span class='ocrx_word' id='word_1_346' title='bbox 347 3923 373 3971; x_wconf 89' lang='lat' dir='ltr'>in</span> <span class='ocrx_word' id='word_1_347' title='bbox 392 3927 483 3970; x_wconf 87' lang='lat' dir='ltr'>monte</span> <span class='ocrx_word' id='word_1_348' title='bbox 501 3918 625 3986; x_wconf 70' lang='lat' dir='ltr'>Thuben,</span> <span class='ocrx_word' id='word_1_349' title='bbox 644 3938 721 3990; x_wconf 86' lang='lat' dir='ltr'>quam</span> <span class='ocrx_word' id='word_1_350' title='bbox 740 3923 810 3975; x_wconf 85' lang='lat' dir='ltr'>iufra</span> <span class='ocrx_word' id='word_1_351' title='bbox 831 3935 994 3989; x_wconf 87' lang='lat' dir='ltr'>exponemus</span> <span class='ocrx_word' id='word_1_352' title='bbox 1006 3919 1120 3988; x_wconf 86' lang='lat' dir='ltr'>planius.</span> <span class='ocrx_word' id='word_1_353' title='bbox 1158 3935 1227 3990; x_wconf 84' lang='lat' dir='ltr'>quas</span> 
     </span>
     <span class='ocr_line' id='line_1_40' title="bbox 131 3990 1228 4061; baseline -0.005 -17"><span class='ocrx_word' id='word_1_354' title='bbox 131 4008 198 4044; x_wconf 88' lang='lat' dir='ltr'>vero</span> <span class='ocrx_word' id='word_1_355' title='bbox 217 3994 304 4061; x_wconf 87' lang='lat' dir='ltr'>inquit</span> <span class='ocrx_word' id='word_1_356' title='bbox 324 3992 373 4044; x_wconf 90' lang='lat' dir='ltr'>ilie</span> <span class='ocrx_word' id='word_1_357' title='bbox 392 3990 510 4042; x_wconf 82' lang='lat' dir='ltr'>ecclesia</span> <span class='ocrx_word' id='word_1_358' title='bbox 528 3991 598 4042; x_wconf 89' lang='lat' dir='ltr'>huuc</span> <span class='ocrx_word' id='word_1_359' title='bbox 617 3995 745 4057; x_wconf 78' lang='lat' dir='ltr'>agnovit3</span> <span class='ocrx_word' id='word_1_360' title='bbox 764 3995 823 4061; x_wconf 92' lang='lat' dir='ltr'>quis</span> <span class='ocrx_word' id='word_1_361' title='bbox 845 3993 995 4044; x_wconf 88' lang='lat' dir='ltr'>memoriam</span> <span class='ocrx_word' id='word_1_362' title='bbox 1016 3994 1073 4044; x_wconf 87' lang='lat' dir='ltr'>eius</span> <span class='ocrx_word' id='word_1_363' title='bbox 1093 3994 1228 4045; x_wconf 84' lang='lat' dir='ltr'>observa.</span> 
     </span>
     <span class='ocr_line' id='line_1_41' title="bbox 130 4062 1227 4130; baseline -0.005 -12"><span class='ocrx_word' id='word_1_364' title='bbox 130 4063 192 4118; x_wconf 77' lang='lat' dir='ltr'>viti</span> <span class='ocrx_word' id='word_1_365' title='bbox 228 4067 269 4117; x_wconf 85' lang='lat' dir='ltr'>his</span> <span class='ocrx_word' id='word_1_366' title='bbox 289 4062 470 4130; x_wconf 84' lang='lat' dir='ltr'>insuperalis</span> <span class='ocrx_word' id='word_1_367' title='bbox 489 4062 688 4116; x_wconf 81' lang='lat' dir='ltr'>multaaddiait</span> <span class='ocrx_word' id='word_1_368' title='bbox 715 4073 742 4116; x_wconf 87' lang='lat' dir='ltr'>et</span> <span class='ocrx_word' id='word_1_369' title='bbox 768 4063 986 4117; x_wconf 80' lang='lat' dir='ltr'>contumeliarum</span> <span class='ocrx_word' id='word_1_370' title='bbox 1013 4065 1115 4116; x_wconf 86' lang='lat' dir='ltr'>turbam</span> <span class='ocrx_word' id='word_1_371' title='bbox 1136 4063 1227 4114; x_wconf 82' lang='lat' dir='ltr'>effecit</span> 
     </span>
     <span class='ocr_line' id='line_1_42' title="bbox 132 4135 1223 4207; baseline -0.001 -17"><span class='ocrx_word' id='word_1_372' title='bbox 132 4152 213 4207; x_wconf 82' lang='lat' dir='ltr'>quum</span> <span class='ocrx_word' id='word_1_373' title='bbox 231 4135 314 4192; x_wconf 86' lang='lat' dir='ltr'>libros</span> <span class='ocrx_word' id='word_1_374' title='bbox 333 4141 464 4206; x_wconf 82' lang='lat' dir='ltr'>quotquot</span> <span class='ocrx_word' id='word_1_375' title='bbox 480 4137 587 4189; x_wconf 87' lang='lat' dir='ltr'>omnino</span> <span class='ocrx_word' id='word_1_376' title='bbox 607 4137 752 4204; x_wconf 85' lang='lat' dir='ltr'>conscripti</span> <span class='ocrx_word' id='word_1_377' title='bbox 767 4137 900 4191; x_wconf 85' lang='lat' dir='ltr'>icrrcutur</span> <span class='ocrx_word' id='word_1_378' title='bbox 919 4143 1012 4191; x_wconf 88' lang='lat' dir='ltr'>contra</span> <span class='ocrx_word' id='word_1_379' title='bbox 1033 4135 1223 4191; x_wconf 75' lang='lat' dir='ltr'>iconomachos</span> 
     </span>
    </p>
   </div>
   <div class='ocr_carea' id='block_1_4' title="bbox 0 0 1520 4759">
    <p class='ocr_par' dir='ltr' id='par_1_10' title="bbox 0 0 1520 4759">
     <span class='ocr_line' id='line_1_43' title="bbox 0 0 1520 4759; baseline 0 0"><span class='ocrx_word' id='word_1_380' title='bbox 0 0 1520 4759; x_wconf 95' lang='lat' dir='ltr'> </span> 
     </span>
    </p>
   </div>
  </div>
 </body>
</html>
