3017 4759
309 180 545 253 -nrsronmn
575 187 831 259 assuminus
861 186 959 261 anri
992 182 1031 263 8.
1066 182 1105 266 4.
1243 196 1267 265 t

166 350 249 405 κττίν
267 345 407 433 ουίλαμῇ.
442 347 496 411 dccl
521 350 559 434 δη
582 354 763 417 rodociani
786 356 910 435 δέσμιοι
933 354 1071 442 τήμερον
1085 355 1187 442 ἡμεῖς,
1210 361 1269 424 οἶν-

167 440 415 521 θιοτόμενοι
375 472 410 535 τη
433 445 520 537 ῥύμη
541 453 595 535 τῆς
617 448 816 538 essecestra
798 476 872 519 οσον
893 453 1032 542 ἐφικτόν.

273 548 380 610 Ταῦτα
411 554 516 614 τοίνυν
547 577 598 615 και
629 553 668 615 τοὶ
702 557 834 618 τοιαῦτα
870 558 1185 640 διτξεληλυθότων*
1166 561 1306 643 ημῶν,4

167 640 266 709 ἔπειτ’
287 646 408 711 ἐκείνου
430 655 595 715 πυθέσθαι
616 656 671 737 τῆς
701 656 793 773 ἑγγίνς
820 658 1020 733 είκοσαετοός
1042 658 1194 745 ἑτδημτλνς
1213 660 1277 742 τόν,

141 742 281 827 5τρόνιον
303 747 432 832 ἐζήτουν
453 746 566 836 d7u3,‘'
551 776 633 829 οπως
655 776 687 817 τε
710 752 787 836 ἔσχε
807 756 860 819 ναί
884 750 969 831 όπως
992 757 1088 835 αυτός
1108 758 1195 847 ἐβίω,
1215 761 1270 826 καί

167 838 228 933 ὅπη
250 844 308 928 τὴν
328 849 500 914 δίαιταν“
483 852 636 932 ομτταξό
660 858 715 917 καί
738 860 808 919 οιαν
831 858 917 944 αι’τηό
944 861 1123 941 παρέσχετο
1141 857 1268 945 χρόνος.

168 912 264 1009 cislae
286 949 368 1030 γάρ,
401 945 527 1034 ἑ’,λογον
563 951 606 1028 τός
626 950 767 1037 ἱστορίας
799 955 872 1034 ἐμοί
899 963 1113 1043 συγγράφοντι
1137 963 1268 1042 βίβλους

148 1043 278 1129 μακροί
299 1070 346 1121 τις
369 1038 449 1113 cunc
482 1052 634 1135 τυγχάνει
666 1054 721 1117 καί
740 1052 828 1135 μάλα
839 1062 1113 1179 πεφροντισμίνη
1135 1059 1267 1177 σπουδη,

167 1154 282 1229 πεῖραν
305 1150 519 1230 ξυνειλοχέναι
541 1152 695 1216 παντοίων
715 1153 933 1237 πραγμάτων,
959 1150 1036 1239 όσην
1061 1154 1081 1220 ‹l'
1103 1183 1136 1223 τε
1155 1160 1268 1282 χρόνος

119 1244 244 1328 τοὴμίν
276 1242 520 1332 σίκριβέστερον
537 1257 811 1333 σκοπουμένοις’
789 1261 841 1319 ατί
862 1262 1055 1341 παρέχεται,
1078 1264 1132 1323 καί
1155 1255 1214 1343 όση
1235 1260 1269 1326 ὲκ

163 1348 221 1427 τῆς
241 1350 304 1410 retia
320 1341 454 1413 deroso
477 1346 585 1417 ἄλλοτ’
601 1344 742 1430 όλλως“
724 1364 801 1438 ημῖν
818 1354 945 1437 ὁμιλίας
957 1358 1059 1423 εἵνεκα
1074 1359 1268 1444 προσιόντων
1419 1386 1424 1389 ·

166 1441 321 1528 ’ἀσχολίας
355 1448 407 1511 ἀει
426 1458 639 1569 περιγίνεται,
672 1452 852 1539 διηγήματα
881 1456 1123 1544 προτιθείσης“’
1105 1466 1213 1525 οσατ’
1235 1464 1269 1538 ἐξ
1328 1444 1337 1450 ’

166 1538 262 1630 όιιοῆς
284 1552 338 1613 καί
360 1544 421 1614 ὅσα
437 1546 513 1615 δι’
495 1570 601 1647 apeme
617 1554 824 1642 παρειληφώς
847 1562 891 1645 τῷ
907 1562 1108 1676 φανταστικῷ
1130 1564 1185 1644 τῆς
1199 1576 1269 1641 ψο-

164 1649 225 1729 χῆς
254 1650 487 1715 ἐντιόπωσεν”
472 1676 598 1771 saqoroc
622 1660 739 1718 πίνακι
799 1652 970 1742 υπτρφυτός
995 1656 1056 1741 γόρ
1080 1683 1131 1723 και
1128 1663 1266 1744 Διογί·

120 1766 154 1818 15
165 1772 218 1831 νης
240 1750 392 1827 ἐκτίνοςε
377 1777 392 1815 o
418 1750 541 1847 ηυνιιιὸς
556 1756 712 1838 εἰρηκέναι
739 1759 829 1819 doses
845 1782 911 1839 μοι,
933 1758 1189 1841 σχολαζόντων’
1166 1783 1268 1844 ασχο-

165 1841 286 1912 λιαν
259 1874 304 1913 ων
326 1844 366 1915 όν
387 1876 434 1928 τις
453 1856 580 1938 ἐφίεται
614 1860 685 1919 λίαν
713 1859 908 1940 πραγμάτων
930 1857 1004 1935 νοός
1026 1859 1146 1944 ἔρωτας
1167 1856 1266 1926 τιναι·

164 1951 262 2032 μικρὰ
285 1951 346 2034 γόρ
379 1947 399 2036 ἢ
433 1956 527 2019 ου’όὲν
557 1980 619 2019 των
649 1954 710 2035 ἔξω
742 1959 893 2077 θορύβων
923 1962 1133 2025 α’νθέλκειν’
1118 1962 1267 2048 σχόντων,

164 2054 315 2137 σχολῇ’
286 2076 304 2133 γ
335 2047 375 2117 ἂν
390 2048 491 2130 ἄλλως
503 2058 627 2177 φαγείη
649 2059 684 2122 τό
711 2058 894 2140 κινούμενον
920 2063 1103 2145 α’πρακτοῦν
1124 2066 1179 2146 τῆς
1198 2079 1268 2144 ψυ-

166 2154 238 2232 χῆς.
267 2152 432 2233 spott’
411 2181 450 2241 ην
471 2160 535 2222 coia
555 2155 615 2239 ἔξω
638 2157 782 2243 θεάτρων
804 2159 958 2244 σχολὴνό
983 2165 1046 2225 τῶν
1069 2164 1153 2242 ἐμῶν
1174 2169 1269 2246 Προ-

119 2252 291 2335 wesema
313 2259 491 2374 παρέσχετο
526 2256 652 2341 λόγων,
674 2261 804 2323 διπλκοό
819 2264 875 2322 καί
895 2262 1027 2345 τριπλοῦ
1048 2258 1133 2337 τινός
1153 2261 1267 2345 ἔρωτος

144 2344 367 2436 όοχολιηαν
353 2351 438 2431 όπως
465 2364 532 2421 ποτ’
555 2361 709 2481 ίξτγέγττο
743 2358 838 2444 δρᾶν,
871 2364 928 2424 νῦν
949 2364 1008 2442 μὲν
1030 2369 1095 2435 τοῖς
1117 2356 1170 2426 det
1190 2384 1268 2447 προ-

166 2454 292 2517 σιοῦσιν
317 2447 422 2520 ἄλλοτ’
441 2450 599 2538 ἄλλοις,
583 2459 686 2524 οπόσα
708 2463 750 2547 τῷ
772 2464 873 2583 καιρῷ
899 2455 955 2524 aui
974 2464 1014 2547 τῇ
1033 2464 1128 2547 χρείη
1148 2462 1271 2581 προση-

139 2576 230 2627 κειν
254 2556 354 2636 δοκεῖ,
377 2560 400 2596 ’ί
418 2555 472 2621 διό
495 2559 633 2643 γλώττης
656 2560 692 2625 ου
713 2560 842 2641 μόλα’
824 2569 925 2626 οιινειν
950 2557 1129 2643 ὁμιλοῦντι,
1150 2566 1207 2628 νῦν
1229 2566 1294 2635 tir
1312 2582 1386 2638 961»

168 2847 282 2899 animum
303 2845 451 2898 induceret.
495 2861 576 2915 quare
600 2849 678 2899 etiam
695 2861 743 2897 nos
762 2849 789 2898 in
811 2846 927 2899 vinculis
947 2846 1026 2899 hodie
1047 2862 1155 2913 sumus,
1178 2848 1263 2917 qnod,

168 2926 292 2987 quantum
315 2918 373 2969 lieri
395 2919 497 2984 potuit,
517 2920 628 2971 irruenti
649 2920 781 2985 impietati
801 2920 974 2970 restitimus.“
1243 2952 1247 2958 ·

238 3006 312 3057 llaec
331 3015 412 3073 atque
433 3006 486 3058 alia
505 3009 634 3059 eiusmodi
656 3023 734 3076 quum
753 3022 803 3057 nos
825 3006 907 3057 locuti
927 3020 1061 3071 essemus,
1088 3008 1121 3057 de
1138 3009 1265 3076 peregri.

166 3079 295 3141 natione,
315 3092 383 3146 quae
405 3094 453 3146 per
478 3080 575 3145 viginti
596 3079 654 3130 lere
673 3093 755 3130 annos
775 3079 926 3141 duraverat,
949 3093 982 3127 ex
1000 3092 1033 3127 co
1052 3093 1183 3147 quaerere
1202 3085 1265 3129 ten.

166 3149 401 3217 tabam,qu0modo
420 3166 480 3201 sese
499 3150 651 3214 habuisset,
674 3148 779 3217 qualem
802 3150 881 3200 vitam
895 3151 953 3215 ipse
970 3150 1104 3217 degisset,
1125 3150 1170 3201 ubi
1190 3166 1265 3201 com.

166 3228 282 3271 moratus
305 3230 387 3285 essct,
409 3220 495 3289 qualis
515 3223 592 3274 sedes
614 3222 718 3284 luisset,
738 3235 806 3289 quae
821 3223 846 3273 ei
864 3236 912 3287 per
930 3221 954 3272 id
973 3228 1076 3287 tempus
1098 3222 1264 3289 contigisset.

167 3292 236 3357 „scis
252 3293 331 3356 enim,
350 3294 475 3360 inquam,
491 3292 556 3344 milii
567 3294 694 3345 historiae
706 3292 790 3344 libros
805 3292 982 3344 conscribenti
997 3307 1073 3359 quarn
1091 3292 1205 3345 maxime
1215 3309 1265 3344 cn.

166 3379 211 3414 rae
230 3364 357 3431 cordique
379 3378 438 3416 esse
454 3366 586 3416 variarum
604 3380 691 3415 rcrum
713 3378 789 3431 usum
808 3363 950 3431 colligere,
972 3365 1017 3431 qui
1037 3371 1064 3414 et
1080 3372 1200 3432 ternpore
1212 3380 1265 3417 no.

165 3435 206 3486 bis
231 3451 274 3487 res
298 3437 446 3487 accuratius
468 3437 675 3505 pervestigando
701 3436 901 3502 suppeditatur,
927 3443 954 3486 et
974 3435 1060 3486 studio
1084 3450 1193 3501 eorum,
1219 3436 1266 3504 qni

166 3508 342 3576 undecunque
359 3522 408 3560 nos
430 3509 476 3559 alii
488 3507 549 3562 aliis
567 3508 729 3575 temporibus
751 3507 924 3574 colloquendi
944 3507 1030 3574 gratia
1047 3509 1220 3571 conveniunt,
1232 3507 1265 3557 ad

165 3592 214 3630 nos
235 3579 373 3643 redundat,
396 3594 474 3663 quum
495 3583 608 3649 quisque
631 3588 736 3631 enarret
760 3595 828 3663 quae
850 3578 894 3630 vel
918 3578 996 3629 lando
1015 3578 1059 3629 vel
1082 3579 1197 3629 videndo
1214 3592 1263 3628 ac.

166 3650 238 3717 cepit
256 3658 335 3718 atque
359 3652 502 3702 memoriae
530 3668 594 3704 suae
617 3659 642 3702 et
669 3651 826 3721 cogitationi
851 3650 995 3715 impressit.
1032 3650 1174 3717 ingeniose
1193 3650 1263 3702 enim

166 3722 302 3789 Diogenes
332 3722 380 3774 ille
410 3726 521 3809 cynicus
546 3724 646 3775 dixisse
683 3724 747 3774 mihi
779 3722 898 3786 videtur,
925 3734 1029 3773 amores
1066 3736 1126 3773 esse
1158 3722 1262 3775 otioso.

164 3806 222 3845 rum
242 3792 375 3845 hominum
397 3795 509 3847 studia'
502 3811 529 3846 rn
549 3796 581 3847 iis
604 3794 683 3847 rebus
699 3794 851 3857 collocata,
879 3808 947 3861 quae
967 3794 1026 3861 quis
1045 3794 1157 3845 maxime
1177 3809 1263 3861 appe-

165 3875 212 3917 tat.
252 3880 331 3951 quqm
361 3868 430 3919 enim
459 3866 566 3935 paulum
594 3868 638 3921 vcl
665 3867 731 3918 nilril
760 3866 862 3917 externi
890 3864 1017 3915 tumultus
1045 3880 1095 3916 nos
1115 3864 1263 3917 distrahere

165 3938 279 4004 possint,
298 3938 325 3988 in
345 3940 400 3990 otio
421 3949 508 3991 motus
528 3941 607 3991 anirni
627 3941 768 4008 quiescere
796 3936 939 3988 videbitur.
985 3936 1049 3986 milri
1072 3950 1157 4000 vero,
1178 3950 1264 4005 qnan-

168 4019 221 4060 tum
241 4011 291 4061 otii
314 4011 347 4062 ali
367 4014 484 4062 externis
503 4012 586 4071 turbis
605 4020 686 4079 atque
715 4010 874 4078 spectaculis
899 4022 1017 4059 meorum
1037 4008 1177 4060 verborum
1195 4006 1264 4058 l’ro.
1274 4071 1276 4078 Ι

164 4080 284 4135 matheus
317 4084 461 4151 impertiit,
486 4084 513 4133 in
533 4082 632 4150 duplici
651 4082 695 4135 vel
723 4082 823 4149 triplici
847 4095 937 4132 amore
957 4080 1104 4149 explendo,
1132 4087 1265 4147 utcunque

824 4281 842 4305 ς
