3017 4759
278 236 349 315 rit
577 246 801 315 urcarnonr
832 216 1063 336 onnuonun'

376 409 501 475 Ου’κοῦν
539 406 761 491 ἁρμόττουσαν
794 408 899 492 α’ρχὴν
934 408 1103 471 α’ναθεῖναι
1142 404 1194 468 δεῖ
1215 404 1259 489 τῷ
1293 401 1375 491 λόγῳ

274 509 447 597 πρότερον,
478 511 609 597 φίλτατε
642 507 874 593 Ἀγαθιίγγελε·
927 504 965 591 ἢν
996 506 1053 570 οὐκ
1083 499 1187 580 ἄλλως
1214 503 1378 584 ἁλώσιμον

273 610 405 677 ἔσεσθαι
429 600 518 693 οἶμαι
551 603 571 694 ἢ
596 614 628 687 ἐς
660 606 696 673 τὸ
728 606 881 694 πρότερον
909 606 996 690 ἴχνος
1026 610 1090 671 τῶν
1122 606 1222 689 λόγων
1251 605 1378 669 ἐκείνων

273 711 501 793 ἀναπόμπιμον
532 711 737 794 πεπραχότας
755 706 812 792 τὴν
831 708 981 793 μνήμην,
1003 711 1059 772 καί
1081 704 1170 791 δίκην
1192 706 1304 786 σειροῖς
1321 702 1377 779 τίς

272 814 325 893 τῆς
346 806 485 896 γλώττης
513 813 635 875 ἐκεῖθεν
664 811 819 895 κρηπῖδας
851 808 1057 889 α’νάψαντας,
1090 799 1219 891 α’σφαλῆ
1251 800 1287 868 τοὶ
1322 806 1403 888 τῆςδ

272 908 463 994 ἀναλήψεως
484 904 545 995 ἤδη
574 911 693 994 ἐφόδια
716 912 748 983 ἐς
772 908 829 992 τήν
853 912 916 973 τῶν
938 905 1007 991 ἑξῆς
1035 910 1207 991 κεκτῆσθαι
1234 904 1379 990 διήγησιν

259 1014 307 1076 ,ἐν
320 1015 446 1093 βραχεῖ.
466 1004 546 1076 εἶναι
564 1012 592 1073 δ’
615 1010 787 1093 οἷναγκαῖον
807 1012 969 1073 πυθέσθαι
986 1011 1110 1093 πρῶτον
1133 1002 1216 1089 ἡμᾶς
1239 1001 1283 1070 ὅτι
1304 1007 1379 1069 ποτὲ

271 1109 353 1193 μετὰ
369 1109 427 1194 τήν
448 1113 631 1193 ναυμαχίαν
645 1113 765 1194 ἐκείνην
785 1108 1027 1193 ἀντικαθήμενοι
1053 1110 1108 1174 καί
1128 1107 1380 1193 α’ντεφεδρευον-

273 1236 324 1289 τες
340 1206 497 1295 ἑκατέροις
510 1207 654 1295 ἑκάτεροι
675 1214 739 1277 τῶν
750 1215 899 1277 Λατίνων
914 1207 943 1275 οἱ
960 1209 1064 1285 στόλοι
1084 1208 1153 1275 τότε
1174 1206 1380 1290 πεπράκασι·

146 1317 166 1373 i.
177 1318 228 1374 tao
238 1332 262 1373 a·
274 1311 422 1395 δεύτερον
437 1314 464 1375 δ’
485 1305 536 1374 ὅτι
553 1314 630 1376 ποτὲ
646 1316 702 1377 καί
721 1311 885 1395 ἦνβασιλίς
897 1312 1015 1396 Εἰρήνη
1029 1313 1054 1350 ‘⁴
1068 1315 1225 1375 τετίλεκεν
1242 1307 1382 1373 α’πιοίσᾰ
1391 1328 1426 1383 10

272 1435 306 1477 τε
329 1413 361 1487 ἐς
381 1408 567 1492 Ὀρεστιάιλα
589 1415 646 1477 κατ’
665 1410 920 1495 Διδομότειχον,
944 1414 1000 1475 καί
1022 1407 1079 1486 τὰς
1100 1405 1300 1499 μεταξύὶτῆς
1323 1432 1381 1495 φι-

272 1509 408 1595 λαρχίας
440 1512 504 1576 τῶν
531 1512 656 1577 παίδων
681 1510 789 1594 ἔριδας
820 1514 1004 1595 ἐπειγομένη
1036 1512 1198 1592 κοιμίσαι,
1230 1513 1303 1593 πρίν
1334 1508 1381 1583 είς

275 1611 421 1692 αἱμάτων
443 1614 555 1696 χείσενς
587 1613 713 1679 τὸκατ’
746 1612 892 1699 α’λλὴλονν
917 1613 1048 1696 ἐκβῆναι
1071 1610 1283 1695 μαινόμενον·
1327 1608 1383 1675 καί

275 1715 380 1796 τρίτον
401 1712 511 1789 ὁποίοις
543 1712 600 1780 καί
620 1720 693 1778 καθ
724 1714 817 1799 ἡμῶν
848 1712 907 1788 τὰς
935 1716 1073 1795 μελέτας
1103 1711 1118 1776 ὅ
1152 1714 1215 1778 ταῖν
1237 1712 1381 1777 διωκτοόν

276 1809 438 1895 ἱστουργεῑ
457 1817 511 1876 καί
535 1815 715 1897 cappulam
740 1816 864 1890 θίασος.
1295 1894 1297 1899 Ι
1393 1821 1426 1875 15

372 1912 444 1992 Ἐμὲ
468 1916 505 1978 δ’
529 1905 567 1977 εὖ
588 1940 638 1981 σοι
660 1920 800 1997 λέγοντι,
838 1920 911 1981 θεία
942 1940 998 1999 μοι
1030 1914 1177 2003 κεφαλή,
1209 1917 1383 1999 α’ντιλέγειν

275 2019 335 2096 μὲν
357 2009 469 2097 ἥκιστα
492 2012 636 2097 πάντων,
665 2021 839 2082 πείθεσθαι
870 2020 905 2082 δὲ
931 2018 1072 2099 μάλιστα
1105 2015 1231 2083 πάντων
1262 2019 1381 2099 χρεων.

278 2120 334 2182 καί
354 2140 405 2182 σοι
429 2119 510 2201 ἑροὸν
531 2113 670 2199 ἔρχομαι
691 2120 721 2183 εἰ
740 2115 785 2202 μὴ
809 2120 912 2185 πάντα
937 2118 975 2202 (λη’
1000 2117 1038 2185 td
1062 2117 1183 2203 μεταξύ
1210 2120 1283 2183 καθ’
1307 2116 1384 2183 ἕκα-

280 2245 353 2302 στα,
374 2219 442 2283 ἀλλ’
464 2209 521 2283 οὖν
543 2220 698 2298 α’πολὲξας
718 2216 758 2285 τὰ
782 2218 984 2306 καιριώτερα.

170 2392 174 2397 ,
211 2338 267 2392 n
373 2321 410 2387 Ὁ
429 2318 554 2402 γάρτοι
577 2324 825 2387 τοῦΒενετικοῦ
844 2319 959 2388 στόλου
981 2318 1143 2405 ναύαρχος
1174 2314 1274 2405 ἥκιστ’
1300 2317 1429 2403 ἔχωνλθ

277 2415 325 2488 ὅτι
339 2422 486 2504 πράξειεν
499 2422 557 2507 ἀφ’
569 2412 608 2485 οὗ
622 2422 708 2507 παρὰ
731 2423 837 2487 πᾶσαν
854 2410 982 2505 ἑνίτυχο
1003 2425 1197 2503 προσδοκίαν
1220 2415 1280 2507 ἤδη
1302 2420 1383 2502 μετὰ

278 2521 336 2606 τὴν
356 2524 543 2605 ναυμαχίαν
564 2529 627 2598 τοῖς
647 2525 676 2587 Γ
674 2527 848 2599 εννουίταις
876 2526 920 2611 τῷ
943 2526 1006 2587 τῶν
1027 2526 1179 2588 Βιθυνῶν
1203 2524 1382 2605 σπεισαμέ-

277 2644 343 2699 νοις
363 2619 492 2705 ἧγεμόνι
507 2624 646 2707 Περσῶν
662 2619 814 2709 Ὑρκανῷ,
838 2622 918 2711 προς
929 2624 1030 2709 μόνην
1053 2620 1183 2710 ταυτηνί
1195 2626 1382 2689 τελευταίαν

378 2884 415 2940 'iu
446 2901 512 2939 vero
538 2886 675 2940 carissime
697 2886 886 2956 Agathungelo
911 2902 1002 2940 nonne
1028 2887 1103 2954 prius
1120 2886 1266 2940 narrationi
1286 2896 1379 2954 aptum

280 2958 416 3011 exordium
436 2959 543 3024 addere,
563 2959 633 3029 quod
651 2960 779 3027 deinceps
799 2959 922 3011 iuvenire
940 2974 1006 3011 sanc
1026 2958 1138 3011 difficile
1158 2966 1262 3010 estant
1282 2959 1380 3026 prioris

278 3031 440 3083 narrationis
460 3032 614 3102 memoriam
633 3045 765 3086 revocare
782 3030 860 3082 nobis
880 3031 1014 3083 inanimo
1035 3027 1139 3083 habes?
1158 3031 1195 3081 ita
1226 3036 1255 3081 ut
1284 3043 1381 3082 narra-

280 3102 361 3154 tionis
380 3103 521 3155 momentis
538 3110 649 3154 catenae
667 3104 752 3155 instar
771 3102 943 3155 annectendis
963 3110 1064 3154 certum
1089 3102 1218 3169 quendum
1239 3100 1379 3153 adrerum

279 3174 459 3225 narrationem
478 3188 547 3241 quae
566 3182 661 3241 postea
679 3182 755 3225 actae
775 3182 836 3227 sunt
856 3174 995 3226 transitum
1015 3174 1063 3225 tibi
1081 3171 1253 3241 patefacias?
1277 3172 1382 3241 prinum

282 3246 351 3294 enim
380 3245 472 3295 auditu
495 3243 603 3310 dignum
623 3253 665 3297 est
685 3246 748 3313 quid
773 3253 835 3313 post
854 3261 967 3314 pugnam
984 3245 1109 3297 navalem
1128 3244 1201 3309 iilam
1229 3244 1381 3295 Latinorum

281 3314 384 3366 classes
403 3315 520 3365 invicem
546 3332 576 3367 se
596 3318 741 3383 premendo
772 3327 799 3371 et
824 3317 969 3369 obsidendo
1002 3318 1151 3369 effecerint.
1195 3316 1292 3368 deinde
1319 3315 1382 3383 qnid

280 3386 380 3439 Eirene
397 3386 492 3453 regina
517 3395 654 3454 postquam
677 3389 843 3441 Orestiaderu
868 3396 895 3440 et
913 3388 1128 3455 Didymotichum
1156 3387 1284 3455 pervenit
1312 3388 1381 3437 effe.

281 3458 359 3522 ecrit,
379 3456 495 3509 filiorum
513 3460 591 3527 regni
608 3460 778 3525 cupiditatem
787 3463 939 3528 priusquam
959 3460 1050 3513 iurore
1069 3459 1290 3511 incitaticaedem
1313 3458 1380 3510 ede-

279 3537 342 3581 rent
364 3544 520 3595 repressura
565 3531 673 3581 tertium
691 3547 760 3599 qnae
779 3533 888 3585 fanatici
908 3540 1096 3600 persecutores
1115 3533 1143 3584 in
1161 3546 1210 3583 nos
1229 3530 1382 3599 concipiant

282 3609 309 3653 et
327 3608 497 3669 concoquant
516 3600 639 3653 consilia.
1153 3612 1155 3619 ¹

380 3698 453 3750 Haec
472 3713 553 3766 quum
571 3699 670 3765 optime
688 3716 718 3752 se
737 3698 853 3753 habeant
870 3699 981 3769 obloqui
1000 3699 1049 3754 tibi
1068 3702 1111 3754 vir
1130 3700 1222 3753 divine
1234 3699 1308 3765 nolo,
1328 3710 1381 3769 po.
1410 3682 1412 3691 ’

281 3770 333 3822 tius
353 3784 463 3836 prorsus
482 3770 531 3821 tibi
551 3769 683 3838 obsequar
703 3780 731 3823 et
749 3772 826 3823 initio
846 3773 952 3843 quidem
971 3773 993 3825 si
1012 3785 1067 3824 nou
1084 3772 1191 3841 singula
1210 3774 1297 3824 omnia
1313 3786 1382 3841 quae

281 3842 387 3893 iuterim
412 3852 471 3895 acta
497 3849 558 3895 sunt
576 3848 663 3894 tamen
692 3858 761 3912 quoe
782 3851 988 3896 commemoratu
1009 3845 1164 3914 dignissima
1182 3853 1244 3897 sunt
1262 3842 1312 3895 tibi
1332 3858 1383 3895 ex.

281 3927 388 3982 ponam.
472 3937 475 3944 ·
504 3925 509 3952 t

383 4010 545 4064 Venetorum
565 4010 659 4065 classis
678 4010 830 4080 praefectus
858 4012 975 4068 incertus
995 4016 1057 4085 quid
1078 4016 1181 4067 iaceret
1200 4030 1279 4084 quum
1299 4028 1382 4081 prae.

283 4093 325 4138 ter
344 4099 447 4137 omnem
468 4084 620 4151 opinionem
642 4087 693 4136 iam
719 4085 789 4139 iacta
808 4102 896 4155 pugna
922 4082 1014 4141 nausii
1044 4087 1199 4141 Genuonses
1226 4085 1384 4139 offendisset

281 4156 311 4211 in
329 4158 459 4213 societate
477 4154 655 4227 Bithynorum
673 4157 747 4215 ducis
766 4158 902 4231 Hyrcani,
923 4160 967 4213 cui
986 4175 1066 4231 quum
1085 4174 1211 4216 summam
1229 4158 1262 4215 ad
1280 4156 1384 4231 despe-
