3017 4759
208 264 428 334 uisronmn
448 262 851 354 μεταρρεουσι.
873 246 1001 334 a-t.
1096 243 1169 330 οτι

65 425 129 507 μὲν
152 423 215 512 γὰρ
238 424 300 492 ὁάα
320 425 350 492 οῖ
372 427 514 513 λεχθείη,
535 426 635 512 μεστὰ
652 431 766 506 κακῶν,
787 427 890 492 πάντα
910 430 941 492 δ’
956 424 1018 492 δ’σα
1039 426 1068 492 ol
1089 451 1170 512 γνω-

67 525 186 611 σθείη,
219 526 310 612 γε’μει
330 529 460 606 νυκτός.
511 529 645 613 βεβαίου
669 531 703 595 δὲ
733 531 789 594 καί
810 528 964 612 ἀβεβαίου
987 529 1078 614 πέρι,
1102 523 1172 598 οὔτε

66 628 210 714 θάτερον
239 625 302 692 οὔτ’
342 629 507 716 οὐδέτερον
529 625 591 695 οὔτ’
616 631 796 717 ἀμφότερον
825 625 913 714 εὕροι
932 655 985 706 τις
1001 629 1041 693 ἂν
1059 628 1171 714 ἐρριμ-

67 728 167 809 μένον
188 723 209 813 ἢ
233 728 457 814 ἀνειλημμένον
473 733 505 808 ἐς
518 731 552 796 τὸ
569 729 816 816 ὁπουδηποτοῦν
828 731 932 817 σαφὲς
949 729 1071 816 τάνδρί.
1092 727 1208 802 emmo

40 825 155 912 ιοιτρδς
187 825 302 892 ἄτοπόν
335 854 366 895 τι
394 832 450 896 καί
465 823 657 917 Ιτερατῶδες
685 829 702 896 ὅ
733 832 885 918 γεννάδας
910 828 1173 914 poemenionem

68 930 204 1011 χρῆμα·
249 931 283 993 ἐκ
304 931 363 1012 μὲν
387 930 449 1017 γὰρ
475 935 531 997 τοῦ
553 932 718 1016 ὁμοδοξεῖν
737 940 803 1008 ’τοῖς
833 931 1052 1016 εἷκονομιίχοις
1075 932 1171 997 onir-

72 1030 166 1091 δεται
185 1030 245 1112 μὲν
273 1031 328 1096 καί
356 1033 467 1119 χαίρει
492 1040 558 1110 τοῖς
580 1031 673 1111 αδτδς
704 1035 825 1112 αὐτοῖς·
869 1036 903 1098 ἐκ
926 1037 955 1099 δ’
980 1029 1024 1100 αὖ
1042 1025 1098 1099 τοῦ
1120 1037 1172 1099 δε-

73 1129 180 1192 διέναι
207 1129 252 1214 μὴ
279 1133 335 1196 καί
364 1141 431 1209 τοῖς
460 1134 566 1212 αὐτοῖς
596 1135 795 1220 ἀναδέμασιν
821 1133 931 1216 ἔνοχος
946 1134 1079 1220 ’γε’νηται
1100 1136 1171 1215 ζῶν,

73 1229 283 1297 ἕναλλοίσσειν
304 1232 372 1297 ἔνια
394 1236 491 1302 ἐνίοτε
515 1239 609 1314 δοκεῖ,
632 1233 712 1319 πλὴν
740 1235 796 1300 οὐκ
818 1236 872 1301 ἐπί
891 1234 926 1301 τδ
947 1236 1080 1320 βέλτιον,
1104 1236 1172 1299 ἀλλ’

35 1357 62 1412 [ρ
73 1334 129 1398 ἐπί
154 1336 189 1398 τὸ
217 1337 304 1419 μάλα
322 1336 358 1422 γε’
380 1363 410 1422 τι
442 1339 572 1424 σφόδρα
599 1338 779 1424 χείριστον·
832 1335 851 1403 δ
879 1339 938 1420 μὲν
964 1336 1027 1423 γὰρ
1060 1341 1174 1414 ἐκεῖνοι

74 1435 152 1519 περί
172 1439 227 1498 τοῦ
251 1435 357 1522 φατὸς
378 1437 497 1502 ἐκείνου
519 1435 575 1521 τὴν
600 1439 644 1513 εἰς
672 1433 814 1502 οἴκτιστον
834 1437 1013 1520 μεταβολὴν
1032 1439 1089 1502 τοῦ
1109 1437 1173 1501 σοι’-
1186 1447 1206 1502 i.
1216 1447 1305 1514 tte„
1338 1471 1342 1480 ·

72 1558 176 1615 ματος
204 1538 536 1622 βεβλασφημήκεσαν,
571 1538 668 1625 τούτῳ
699 1527 879 1614 retaliet}
894 1545 1081 1624 συμφωνεῖ,
1105 1526 1172 1604 δ’δ’
1314 1536 1318 1548 “

72 1636 191 1700 ἐκεῖνοι
212 1636 308 1722 φύσιν
327 1636 426 1722 ἥκιστ’
448 1637 535 1720 ἔχειν
547 1633 801 1722 εἶναιένόμισαν,
824 1641 914 1704 τοῦτο
937 1640 972 1704 δὲ
993 1638 1175 1724 προσέθηκε

73 1737 238 1821 τολμήσας
252 1729 408 1816 rimmo*
431 1726 583 1825 δευτέραν
601 1739 723 1824 δηλαδὴ
743 1740 799 1803 καί
812 1737 984 1826 δρειμένην
1005 1740 1061 1803 καί
1081 1739 1174 1805 ἄνοδ-

35 1861 146 1915 [5σιον
178 1838 234 1904 καί
263 1836 331 1922 ἅμα
363 1837 508 1905 ἄκιιστον
536 1839 671 1924 θεότητα
704 1837 739 1904 τδ
773 1843 843 1927 φῶς
874 1837 1031 1927 δπάρχειν
1064 1843 1174 1906 ε’κεῑνο.

76 1935 159 2003 ὥσθ’
184 1938 206 2004 ἃ
222 1941 282 2023 μὲν
300 1941 431 2017 ἐκείνοις
451 1946 638 2026 συμφωνεῖ,
667 1939 792 2017 πάντως
812 1941 939 2006 ἐκείνου
960 1941 1017 2005 erin
1043 1941 1207 2022 enutri-2

75 2062 187 2102 πεταν
243 2039 264 2104 ἃ
295 2043 323 2106 δ’
347 2042 459 2105 ἐκείνοι
486 2041 583 2126 μήπω
608 2041 708 2128 φάναι
734 2042 973 2127 τετολμήκεσαν,
995 2041 1116 2118 τούτοις
1138 2043 1174 2106 δὲ

74 2143 233 2224 νενίκηκεν
267 2140 379 2218 αὐτοὺς
406 2139 502 2206 εἰπών
537 2141 639 2218 αὖτίς.
693 2139 797 2226 ἡδέως
827 2145 856 2206 δ’
886 2139 924 2207 ἂν
951 2145 1007 2207 καί
1038 2126 1172 2228 &pieriae
1204 2181 1208 2188 ·

76 2241 250 2327 βουλοίμην
283 2239 377 2306 αι’ντὸν
408 2243 436 2306 εἰ
466 2241 592 2308 δύναιτό
611 2267 660 2318 τις
690 2237 735 2307 ut
749 2245 812 2307 τοῖν
841 2244 1057 2325 εἰκονομτίχων
1072 2246 1174 2327 τιμῶν

35 2369 67 2425 20
77 2338 123 2419 μὴ
147 2333 227 2405 εἶναι
250 2343 469 2425 εἰκονομιίχος·
514 2340 624 2425 ὅμοιον
644 2340 706 2428 γὰρ
737 2339 775 2406 δν
796 2340 845 2427 εἴη
867 2339 975 2427 ὥσπερ
997 2338 1036 2407 ἂν
1058 2345 1087 2408 εἰ
1108 2368 1171 2406 τια-

79 2440 210 2524 ρελδιδν
226 2443 388 2508 διετείνετό
409 2469 456 2519 τις
485 2441 687 2530 κιδαρηιδοδς
718 2443 778 2525 μὲν
799 2436 889 2520 rivae
911 2443 1051 2529 κιθάραν
1072 2445 1102 2508 δ’
1124 2438 1171 2521 οὔ,

77 2540 133 2604 καί
164 2540 331 2628 οὖρανίους
357 2545 416 2627 μὲν
451 2543 604 2630 ἀστέρας,
637 2541 772 2630 οὐρανὸν
800 2545 830 2607 δ’
851 2538 904 2622 οὔ,
926 2544 982 2608 καί
1001 2543 1094 2629 γήινα
1112 2543 1174 2626 μὲν

78 2640 272 2727 προὶγματα,
300 2645 358 2728 γῆν
394 2645 422 2708 δ’
445 2643 583 2731 οὐδαμῇ.
634 2643 675 2722 τί
686 2644 769 2731 φῄς,
788 2638 966 2732 boletum,-
1001 2646 1091 2710 δυοῖν
1107 2640 1171 2730 γὰρ

1197 2322 1209 2355 λ

78 2945 180 2998 cuinam
200 2961 265 3016 vero
285 2947 401 3012 omnium
417 2945 531 2997 maxime
548 2945 646 3000 faveat.
684 2946 772 2998 omnia
794 2946 865 3006 enim
884 2961 916 2998 ea
936 2959 1004 3014 qnae
1019 2946 1053 2999 ab
1072 2961 1105 2998 eo
1125 2944 1172 2998 ii.-

80 3026 122 3070 cta
136 3026 205 3083 sunt,
225 3017 305 3085 plenu
323 3015 462 3080 malorum,
481 3019 569 3069 omniu
588 3033 656 3086 quae
676 3018 709 3069 ab
729 3033 763 3068 eo
784 3018 892 3084 cognita
909 3024 989 3081 aaut,
1006 3025 1110 3069 scatent
1126 3024 1173 3069 te-

79 3087 176 3141 nebris.
212 3089 283 3157 quod
312 3103 379 3140 vero
397 3096 496 3140 certum
524 3098 551 3141 et
568 3091 698 3140 incertum
719 3089 833 3151 attinet,
862 3095 982 3139 neutrum
1002 3095 1076 3140 certe
1095 3089 1173 3156 quis·

79 3175 154 3228 quam
172 3160 294 3212 inveniet
312 3167 357 3212 aut
377 3161 505 3211 reiectum
525 3159 557 3212 ab
577 3175 609 3212 eo
626 3159 718 3212 autad
734 3161 951 3226 perspicuitatem
972 3161 1100 3226 quandum
1119 3174 1172 3212 ro.

80 3239 174 3282 catum.
193 3233 284 3301 itaque
304 3245 402 3284 novum
418 3239 450 3283 et
469 3232 562 3282 mirum
580 3233 608 3284 in
627 3231 730 3282 mudum
757 3233 889 3299 ingenuus
907 3230 956 3282 ille
975 3247 1031 3284 rem
1050 3231 1171 3284 mutavit.

80 3301 149 3371 quod
174 3305 242 3360 enim
269 3304 402 3355 consentit
427 3319 485 3354 cum
512 3302 711 3367 iconomachis,
741 3303 878 3354 consociat
904 3301 956 3357 sibi
981 3316 1029 3354 eos
1047 3311 1075 3356 et
1091 3311 1170 3355 amat.

80 3373 148 3442 quod
168 3390 234 3426 vero
255 3383 384 3442 veretur„
410 3390 445 3426 ne
463 3375 529 3440 ipsis
550 3373 724 3425 anathematis
749 3373 880 3425 obnoxius
899 3375 960 3437 fiat,
978 3381 1081 3426 mutare
1099 3389 1173 3426 nen.

80 3461 210 3514 nunquam
233 3447 347 3510 ridetur,
375 3446 421 3498 sed
442 3461 497 3497 non
518 3446 550 3497 ad
575 3445 723 3509 meliorem,
743 3461 836 3497 verum
854 3445 887 3496 ud
905 3446 1012 3496 omuino
1030 3447 1172 3512 pessimam

81 3517 267 3568 conditionem.
287 3517 357 3585 quod
376 3519 445 3569 enim
465 3516 507 3569 illi
526 3518 558 3571 de
577 3517 639 3568 luce
659 3515 707 3568 ille
724 3517 807 3583 impie
831 3516 999 3582 protulerunt
1016 3517 1043 3567 in
1063 3518 1172 3568 increu-

80 3595 133 3640 tum
153 3596 327 3656 permutatum
347 3605 406 3640 esse
425 3603 530 3657 corpus,
550 3589 602 3641 hoc
626 3589 684 3655 ipse
710 3589 860 3652 consentit3
879 3588 950 3656 quod
968 3601 1035 3639 rere
1053 3587 1102 3638 ille
1119 3602 1173 3637 nu.

81 3667 162 3710 turam
182 3661 289 3711 minime
309 3660 449 3712 essentiam
470 3661 570 3713 habere
580 3668 715 3728 putarunt:
733 3659 784 3712 ille
795 3658 856 3711 'hoc
875 3659 973 3713 addere
991 3665 1101 3710 canutus
1121 3666 1174 3722 est,

83 3739 108 3781 et
130 3729 274 3782 subiectam
294 3738 320 3782 ct
340 3731 538 3784 inessentialem
561 3741 587 3784 et
600 3731 678 3785 simul
697 3734 842 3784 increatam
861 3730 985 3782 deitatem
1006 3745 1066 3782 esse
1085 3729 1173 3781 lucem

82 3801 168 3868 illam,
187 3804 224 3854 ita
243 3812 271 3854 ut
297 3803 325 3853 in
343 3802 438 3869 quibus
462 3802 542 3855 rebus
561 3803 692 3855 cumillis
711 3805 860 3866 consentit,
879 3799 1119 3869 nonrelinquutur
1139 3800 1188 3852 ιδ’

83 3873 147 3927 illis.
184 3890 252 3942 quae
273 3887 338 3926 vere
358 3872 400 3924 illi
420 3873 535 3924 nondum
554 3873 676 3939 proferre
697 3874 785 3926 conati
806 3880 876 3937 runt,
895 3873 930 3922 iis
949 3873 1085 3940 propalam
1106 3887 1174 3940 pro.

82 3946 275 4014 ponendiseos
294 3946 352 4013 ipse
376 3943 450 3995 vicit.
494 3943 617 3996 lubenter
643 3960 702 3996 enm
729 3959 859 4012 quaerere
886 3942 1001 4009 vellem,
1030 3960 1093 3996 nurn
1114 3944 1175 4011 quis

83 4026 171 4086 posset
190 4019 217 4068 in
235 4015 377 4084 probandis
396 4015 627 4067 iconomachorum
650 4017 790 4078 sententiis
807 4029 862 4069 nou
894 4030 954 4067 esse
974 4014 1173 4068 iconomaehus.

85 4089 167 4146 timile
186 4089 256 4141 enim
284 4104 343 4142 esre
362 4087 588 4156 ¹quemadmodum
619 4089 719 4155 siquis
744 4088 912 4153 praeteriens
939 4088 1114 4140 contenderet
1131 4086 1173 4137 ci.

85 4162 224 4225 tharoedcs
244 4177 319 4234 ease,
347 4173 402 4213 non
422 4158 559 4214 citharam:
587 4159 676 4216 sidera
694 4157 1039 4234 quileru.coeleatla,-uen
1057 4156 1172 4227 ceolam,

965 4342 1106 4442 xx-=
