3017 4759
342 220 390 293 36
646 225 869 295 utcunuont
900 227 1133 306 eudonis

338 382 474 468 θρόνους
496 388 608 471 σαφοῦς
630 382 755 469 ἔαυτόν,
778 392 977 476 συνῳκείωσε
998 391 1026 451 δ’
1055 382 1122 470 ἅμα
1144 390 1189 474 τῷ
1210 386 1364 477 διαβόλιμ.
1392 388 1441 452 διό

338 488 393 549 καί
413 492 593 551 πλεονεκτεῖ
607 491 668 565 μὲν
688 487 856 570 ,κατότής
875 486 985 571 χώρας
1007 486 1127 573 ἐκείνης
1157 487 1196 554 τά
1219 488 1334 571 χείρω,
1359 480 1383 577 ᾖ
1404 487 1443 551 τά

338 582 448 649 τοιάδε
469 596 650 671 γεωργεῖται
671 588 775 668 κακά,
799 598 976 669 μειονεκτεῖ
991 592 1021 652 δ’
1044 585 1205 670 ἑπομένως
1226 589 1264 653 τά
1290 589 1441 674 κρείττω·

337 690 392 750 καί
412 689 529 769 γίνεται
549 685 702 770 παντελής
724 691 794 751 siret
811 689 915 753 καλοῦν
938 687 1138 772 ἐρημιά,·και“
1151 698 1359 772 κατορχεῖται
1372 696 1442 753 λοι-

337 774 498 851 ιιῦνκαίδ
521 790 669 871 διάβολος
690 782 791 872 άρδην
807 790 906 873 ου’τής
925 782 1098 871 εῦσεβειάς,
1118 790 1197 874 πρὸς
1218 782 1354 875 άρνησιν
1372 790 1464 866 rodet

238 894 240 905 '
338 882 426 974 du‘rpi
449 890 656 968 πειθομένους
689 889 790 971 συχνά
823 892 986 974 ἐρεθιζων.
1038 882 1090 955 οἷα
1123 890 1163 975 δή
1185 890 1264 955 ndat*
1290 890 1350 975 τήν
1371 896 1444 957 Βυ-

338 988 470 1067 ζαντίων
490 991 636 1072 γενέσθαι
658 994 863 1070 ξυμπίπτωκε
884 997 1065 1058 πολιτείαν·
1086 990 1254 1075 μισήσασα
1275 990 1339 1075 γάρ
1361 992 1444 1076 α’λή-

338 1094 432 1152 θειον
455 1086 555 1173 ἐκείνη
577 1092 630 1154 καί
645 1095 803 1175 πολιτικῆς
815 1092 917 1176 ἆρχής
932 1092 1146 1178 δικαιοσύνην,
1169 1094 1401 1177 οἰκειωσαμένη
1417 1098 1444 1158 δ’

338 1190 464 1253 α’δικίαν
480 1195 535 1254 καί
548 1193 676 1272 ψεῦδος,
697 1187 788 1267 δ’λαις
802 1191 967 1273 παλάμαις
979 1190 1037 1268 τάς
1056 1187 1173 1278 ἓαυτής
1187 1195 1267 1277 πρὸς
1289 1195 1444 1275 α’σίβειαν

338 1291 508 1353 άνεπίταστ
532 1288 644 1365 πόλος.
681 1290 814 1376 κάπειδή
837 1295 881 1378 egi
903 1289 1042 1381 διαβόλῳ
1071 1278 1219 1376 σώματος
1240 1292 1297 1358 ἐπί
1316 1293 1441 1372 τοῦτοις
1452 1302 1477 1355 10

339 1388 405 1455 ita
425 1394 480 1455 urii
501 1386 635 1473 ὀργάνου
657 1391 745 1474 μάλα
773 1394 863 1481 adegi
881 1394 1091 1479 προσήκοντος
1112 1397 1180 1477 νῦν,
1203 1395 1348 1481 εῦρίσκει
1364 1402 1443 1461 Πα-

337 1495 464 1574 λαμάν,
494 1490 682 1576 α’νδράριον,
714 1492 757 1568 ὥς
780 1493 899 1576 άκήκοα
920 1498 999 1580 μίν,
1025 1497 1241 1581 ἕντελίσεερον
1277 1498 1308 1560 δ’
1329 1500 1366 1561 ἐκ
1387 1504 1442 1582 τῆς

338 1593 439 1656 αῦτσῦ
455 1592 653 1678 μεμαθήκειν
675 1596 823 1681 γραφῆς,
844 1598 966 1670 εὐτελὲς
990 1599 1049 1677 μὲν
1080 1589 1184 1672 άλλως
1203 1601 1259 1661 καί
1279 1598 1365 1681 πλήν
1386 1602 1444 1662 τοῦ

338 1696 509 1771 κενοδοξεῖν
541 1694 604 1757 καί
623 1698 664 1758 δι’
689 1694 768 1761 αῦτό
787 1700 824 1778 γέ
846 1719 894 1760 τοι
915 1702 1007 1762 τοῦτο
1037 1699 1219 1776 κακοδοξεῖν
1239 1702 1335 1763 πλέον
1356 1697 1443 1774 εἶδός

339 1794 431 1857 οῦδὲν
453 1793 550 1875 ῦγιές·
572 1796 626 1858 καί
648 1794 746 1883 τοῦτιρ
769 1806 952 1878 συμμαχεῖν
973 1798 1129 1875 πεπεικοδς
1150 1796 1224 1873 τοῦς
1244 1801 1277 1863 ἐν
1299 1802 1477 1888 cicendeli

324 1887 441 1974 ,πάντα
471 1893 652 1976 συλλήβδην
679 1897 795 1975 εἰπεῖν,
832 1892 935 1961 όπόσα
954 1902 1021 1965 κατ’
1054 1894 1170 1973 ἄλλους
1191 1892 1273 1963 ἄλλα
1308 1899 1441 1983 καιροῦς

339 2002 412 2068 ταῖς.
428 1997 483 2058 τοῦ
505 1995 584 2057 θεοῦ
612 1992 791 2080 ἐκκλησίαις
811 1996 930 2083 βὲβηλά
952 2023 985 2064 τε
1014 2003 1069 2063 καί
1090 1998 1171 2063 νόθα
1192 1997 1442 2085 παρεισεφθάρη
1497 2015 1499 2038 ¹

340 2087 513 2177 δόγματα,1
534 2093 615 2181 πρὸς
636 2096 691 2159 ἕνα
714 2096 839 2162 τουτονί
870 2096 1029 2181 συνήλασε
1047 2096 1182 2185 χρόνον,
1205 2102 1261 2166 καί
1277 2100 1443 2181 πολύχουν

337 2200 458 2285 κομιδῇ
475 2194 510 2261 τό
537 2196 674 2281 πονηρόν
696 2200 847 2263 ἐσκέδασε
867 2197 948 2263 κατά
973 2204 1030 2283 τῆς
1051 2203 1219 2285 ἐκκλησίας
1238 2202 1389 2283 Χριστοῦ
1409 2199 1442 2263 τό

339 2297 499 2382 γεώργιον.
544 2300 583 2361 ov’
612 2296 673 2382 γάρ
709 2303 881 2365 πολυθείαν
906 2302 1002 2383 μόνον
1026 2304 1170 2378 ἐδίδαξεν
1191 2300 1206 2366 ὅ
1230 2304 1480 2385 ταλαίπωρος,λο

341 2397 420 2464 α’λλῦ
444 2397 499 2463 καί
523 2398 637 2462 άθεΐαν
656 2390 890 2481 προστέθεικεν,
913 2399 1121 2485 α’ρειανισμδν
1141 2406 1176 2464 θ’
1193 2397 1263 2484 άμα
1282 2400 1339 2464 καί
1359 2403 1445 2465 εἰκο-
1497 2403 1499 2478 ᾗ

339 2503 497 2581 νομαχιάν
518 2501 573 2563 καί
591 2499 741 2575 καθάπαξ
761 2490 892 2584 άρνησιν
913 2505 1091 2584 οἰκονομίας
1113 2500 1269 2587 ε’νοάρκου
1292 2506 1352 2568 τοῦ
1370 2500 1444 2566 υἱοῦ

339 2602 395 2665 καί
414 2598 508 2681 λόγου
526 2602 584 2665 τοῦ
604 2602 690 2665 θεοῦ.
736 2604 792 2664 καί
811 2604 841 2668 τί
863 2603 917 2666 δεῖ
932 2605 1007 2669 καθ’
1036 2605 1154 2668 ἕκαστα
1179 2606 1291 2688 λέγειν,
1312 2601 1386 2682 ε’ξδν
1408 2606 1444 2667 ἐκ

339 2836 471 2974 ρεεείπιδε
490 2913 561 2959 artes
581 2905 751 2973 praevalent,
772 2905 885 2957 virtutes
904 2920 971 2958 vero
996 2907 1151 2960 necessario
1172 2907 1329 2959 inferiorem
1347 2916 1443 2961 tenent

340 2977 447 3043 loeum;
468 2978 505 3029 ibi
526 2978 616 3030 existit
635 2978 749 3031 omnium
769 2977 899 3030 bonorum
919 2979 1045 3042 rastitas3
1065 2978 1102 3030 ibi
1128 2978 1243 3046 deniqne
1262 2978 1387 3031 diabolus
1414 2982 1456 3042 inl

340 3050 424 3117 ipsam
443 3048 604 3117 religionem
623 3050 853 3117 impudentissime
872 3048 991 3114 insultet,
1011 3056 1126 3117 quamut
1144 3049 1278 3118 denegent
1297 3058 1325 3101 et
1342 3050 1442 3103 tollant

340 3135 403 3173 snos
423 3119 540 3175 asseclas
563 3123 661 3172 acriter
685 3123 803 3190 instigat.
841 3120 896 3171 tale
915 3122 977 3190 quid
997 3122 1076 3172 etiarn
1094 3120 1284 3187 Byzantiorum
1304 3123 1344 3173 rei
1371 3122 1441 3191 pub.

339 3189 410 3241 licae
430 3191 536 3242 accidit.
575 3192 636 3242 odio
656 3194 724 3243 enim
744 3195 772 3243 in
790 3194 931 3244 ueritatem
952 3193 1108 3260 et·irnperii
1132 3193 1259 3244 iustitiam
1286 3201 1440 3262 concepto,
1497 3209 1498 3214 ¹

340 3261 472 3313 iniustitia
490 3277 556 3313 vero
576 3270 603 3313 et
621 3262 765 3313 mendaciis
786 3263 894 3315 adscitis
911 3264 981 3330 omni
1002 3264 1099 3315 virium
1119 3266 1291 3316 contentione
1309 3266 1442 3331 impietati
1497 3301 1498 3322 1

340 3332 413 3385 iores
432 3332 553 3384 reclusit.
591 3348 644 3401 qna
662 3334 689 3384 in
711 3350 740 3384 re
748 3349 827 3402 quum
846 3333 953 3386 diabolo
973 3334 1210 3402 corporequodam
1230 3337 1441 3387 etiustrumento

340 3403 391 3457 sibi
408 3402 488 3469 plane
509 3406 688 3456 conveniente
708 3419 774 3471 opus
795 3414 866 3457 esset
879 3407 1010 3473 „reperit
1029 3421 1099 3457 nunc
1117 3404 1269 3471 Peinmam,
1289 3406 1442 3459 burnuncn.

339 3474 416 3540 lum,
435 3483 464 3526 ut
482 3476 572 3527 audivi
592 3476 698 3543 quidem
719 3477 884 3546 (accuratius
904 3486 991 3529 autem
1007 3492 1042 3527 ex
1060 3478 1160 3543 scripto
1180 3479 1264 3544 ipsius
1284 3494 1345 3530 eum
1373 3493 1441 3546 eog-

338 3547 431 3617 novi),
450 3546 607 3599 vilissimum
626 3563 715 3615 neque
733 3548 875 3617 quidquam
893 3547 1006 3615 amplius
1017 3549 1145 3599 scientem
1164 3550 1216 3601 nisi
1236 3550 1371 3617 quomodo
1391 3564 1441 3601 vu-

338 3633 399 3669 nam
420 3617 534 3685 gloriam
554 3626 673 3685 captaret
693 3625 720 3669 et
738 3619 772 3669 ob
790 3620 816 3672 id
834 3621 920 3689 ipsum
939 3635 1035 3686 pravas
1058 3620 1200 3686 opiniones
1225 3620 1350 3688 fingeret.
1399 3621 1442 3671 cui

340 3705 421 3757 quum
439 3691 528 3742 socios
546 3690 711 3742 adiunxisset
728 3692 873 3757 principes,
895 3691 1026 3759 dogmata,
1046 3699 1075 3742 ut
1095 3692 1187 3756 paucis
1209 3691 1442 3758 comprehendam,

341 3759 454 3826 prosena
473 3770 553 3829 atque
572 3760 730 3826 adulterata,
751 3777 926 3829 quaecunque
943 3761 1005 3814 aliis
1024 3761 1078 3813 alia
1097 3762 1261 3829 temporibus
1281 3764 1309 3813 in
1329 3764 1373 3815 dei
1394 3779 1442 3813 ec-

341 3829 438 3883 clesius
459 3834 612 3898 perniciose
633 3831 819 3899 obrepserunt,
840 3832 924 3884 hocce
945 3841 1066 3900 tempore
1084 3841 1179 3884 cuncta
1199 3834 1290 3901 coegit
1315 3842 1343 3885 et
1360 3834 1443 3888 Chri-

339 3903 373 3955 sti
394 3901 527 3955 ecciesiae
546 3903 703 3955 uberrimam
726 3911 751 3954 et
770 3905 868 3971 oppido
886 3906 987 3956 variam
1006 3904 1184 3971 improbitatis
1204 3906 1310 3973 frugem
1329 3906 1444 3972 adsper-

340 3974 384 4027 sit.
406 3989 466 4025 uam
484 3976 564 4025 miser
578 3976 629 4027 iste
650 3989 704 4026 non
723 3974 809 4026 solum
827 3974 1034 4043 polytheismum
1052 3976 1154 4040 docuit,
1173 3976 1221 4027 sed
1240 3978 1320 4027 etiam
1337 3976 1444 4027 atheis-

339 4060 409 4098 mum
428 4045 527 4098 addidit
546 4045 679 4115 simulque
697 4046 874 4099 Arianismum
895 4056 921 4099 et
941 4046 1162 4111 iconomachiam,
1184 4047 1373 4099 infitiationem
1393 4048 1443 4099 de-

308 4121 314 4137 ‘
339 4118 423 4195 nique
442 4118 634 4175 incarnationis
653 4117 702 4169 tilii
722 4117 855 4189 verbique
874 4119 927 4171 dei.
965 4119 1013 4172 sed
1032 4117 1095 4189 quid
1113 4117 1209 4171 attinet
1226 4117 1443 4190 singulaperse-
