3017 4759
201 212 426 287 nisnommc
451 209 710 277 ammosa
726 214 853 279 xxvii.
872 196 1061 281 tit-37.
1127 206 1197 283 τοι

93 399 203 458 νισμιι,
225 373 306 443 ἔνθα
328 381 381 445 καί
398 380 590 463 τυραννικῆς
611 371 692 442 εἶναι
712 373 748 443 τά
772 382 902 461 πρᾶγμα
920 380 1042 460 λέγεται
1063 382 1200 459 νομοθε-

92 484 164 555 σιάς
185 478 486 564 αάτσχειροτόνητσν
510 480 564 543 καί
585 473 821 564 άνσμοθέτητοι
844 484 976 545 δικαισν.
1021 482 1079 544 σιίκ
1103 478 1207 564 ἔγωγε

90 584 196 647 τοίνυν
218 581 319 659 αιίτδς
338 580 355 646 δ
375 586 432 665 τῆς
451 578 617 657 υἱοθεσίας
639 584 847 665 παραβαίνων
869 580 944 657 τοίις
966 579 1099 664 νόμους·
1142 580 1199 644 οὐκ

92 679 181 765 ἔγωγ’
206 682 359 758 ἐκεῖνοςος
382 680 458 758 τοάς
481 680 654 767 φρικώδεις
675 684 813 758 ἐκείνους
841 678 954 766 ὅρκους
974 688 1105 748 πατῶν·
1128 684 1198 745 ἀλλ’

67 782 110 846 do‘
135 778 241 865 πατηρ
264 783 345 863 ἐμοῦ
365 784 422 847 καί
440 787 496 864 τῆς
517 788 595 867 ἐμῆς
621 783 782 866 ἐπάρχειν
814 784 999 869 προμηθείας
1019 780 1199 863 σ’μωμοκάς

94 883 186 965 ζωῆς.
228 886 264 946 τί
281 885 387 947 τοίνυν
407 884 519 963 άδικά,
541 886 595 970 ζην
618 886 784 967 ἐφιέμενος
812 882 871 959 ἕως
890 882 931 947 άν
950 886 1005 948 καί
1026 888 1071 972 τῷ
1092 884 1199 966 κρείτ-

93 1004 160 1047 τονι
189 985 328 1071 συνδοκῇ
357 984 413 1048 καί
443 988 646 1067 σνγχωρῆται
677 988 722 1072 τρῖ
753 984 909 1050 πλάσαντι
918 1010 930 1066 ‚·
963 987 1004 1047 ου’
1033 985 1095 1068 γάρ
1126 984 1200 1061 τούς

94 1082 283 1168 ἐφιεμένους
303 1087 358 1167 ζῆν
382 1087 536 1170 άσφαλάς
553 1084 582 1149 οἱ
604 1086 693 1167 κάμοι
707 1089 905 1167 κολάζουσιν,
931 1088 1000 1150 ἀλλ’
1021 1078 1068 1163 οἷς
1082 1112 1202 1168 τυραν-

93 1181 183 1267 νικὴν
204 1182 351 1267 ω’μάτητα
366 1184 505 1269 σχήματι
528 1191 638 1271 φιλίας
660 1189 851 1267 άναμίξυισιν
870 1192 1028 1269 ἐπιορκεῖν
1049 1184 1132 1265 ὁμοῦ
1149 1186 1204 1252 καί

50 1282 245 1369 1οφθειξιειν
266 1286 416 1370 ἐμέλησεν
437 1283 492 1361 οὓς
516 1289 644 1368 drancio
664 1286 898 1366 ἐμωμάκεσαν·
942 1286 1041 1351 ἐκεῖνο
1062 1289 1120 1367 μέν
1139 1284 1201 1369 γάρ

94 1382 260 1448 α’κωλυτον
280 1384 349 1468 ἔχει
362 1386 418 1471 την
439 1391 495 1472 τῆς
515 1390 699 1471 βουλήσεως
712 1386 832 1473 ἔφεσιν,
854 1392 946 1455 τοῦτο
971 1392 999 1453 δ’
1021 1385 1078 1451 οδκ
1094 1390 1202 1453 άθιδον

94 1485 155 1569 την
174 1488 302 1571 γνώμην
330 1487 529 1571 ἐγκλήματος.
573 1489 616 1564 οἷς
638 1486 764 1574 ὤφελον
792 1484 861 1554 τάτι
893 1514 928 1573 γε
956 1488 1122 1575 θνήσκειν,
1147 1488 1204 1552 καί
1211 1508 1262 1569 μ

92 1580 217 1665 -τοέμδν
246 1582 329 1665 αἷμα
350 1598 414 1664 τοῖς
437 1590 528 1671 ὑμῶν
560 1587 779 1675 ἐπιβυτηρίοις
797 1589 865 1655 εἴθε
899 1591 1014 1655 ἐθύετο
1038 1593 1125 1675 τέως,
1149 1593 1205 1654 καί

91 1692 236 1769 βραχεῖα
256 1687 342 1763 κόνις
368 1688 489 1771 τοιίμάν
515 1691 690 1756 ἐκάλυπτεν
721 1689 836 1755 άθλισν
855 1696 966 1773 σῶμα,
987 1698 1062 1775 πρίν
1084 1694 1120 1766 ἐς
1137 1714 1204 1757 τοι-

49 1796 84 1851 15
95 1785 199 1865 αάττις
222 1794 452 1870 τεταμιειῖαθαι
475 1790 598 1873 τάχος·
619 1795 676 1857 τοῦ
698 1790 761 1876 γάρ
784 1790 869 1872 άπαξ
891 1798 1003 1857 θανεῖν
1024 1792 1144 1867 α’κλειὸς
1167 1790 1202 1857 to

96 1889 241 1975 φυλάξαι
261 1894 429 1971 βασιλείας
455 1893 679 1975 ἀταλαίπωρον
706 1892 802 1971 δόξαν
829 1898 936 1983 πολλῷ
961 1894 1203 1977 χαλεπάεερονι

93 1995 191 2058 τοῦτο
214 1995 274 2071 μὲν
290 1992 351 2078 γάρ
384 1994 573 2087 πολύτροποι
601 1995 755 2074 βόσκουσι
786 1999 922 2062 κίνδυνοι
957 1993 1108 2060 θανάτων
1139 2018 1204 2075 μυ·
1241 1993 1245 2003 ‘

95 2094 177 2179 ρίων
196 2096 319 2176 μεστοί,
342 2095 462 2177 νάκτωρ
495 2098 551 2162 καί
576 2102 653 2177 μεθ’
676 2099 800 2181 ἡμέραν
832 2102 1070 2180 περιτρέχοντές
1094 2118 1128 2161 τε
1151 2099 1206 2161 καί

94 2195 324 2273 προοδεύοντες
354 2196 408 2260 καί
440 2201 529 2283 δίκην
561 2197 682 2279 άγρίων
711 2198 861 2278 κυμάτων
891 2198 945 2260 άεί
968 2182 1206 2278 αάμπνίγοντες,

45 2301 86 2359 20
96 2297 202 2359 ἐκεῖνο
222 2300 253 2361 δ’
274 2298 451 2383 ἀνάλγητον
472 2297 540 2381 ἔχει
559 2296 594 2364 τά
621 2300 730 2375 άκλεές
751 2297 829 2381 πρὸς
851 2292 977 2361 άπαντα
997 2300 1068 2379 βίον
1090 2295 1206 2363 άναισ-

95 2400 229 2480 θητοιῖν.
272 2400 316 2475 nic
336 2405 393 2466 νῦν
413 2424 449 2484 ys
471 2404 525 2465 καί
544 2398 578 2466 εἴ
594 2422 650 2481 μοι
672 2398 888 2483 τελεσιουργὸν
911 2398 969 2481 τὴν
990 2396 1088 2481 εάχὴν
1111 2392 1207 2481 ἤλπι-

97 2499 156 2577 ζον
173 2496 317 2582 ἔσεσθαι,
341 2498 442 2586 ἥδιστ’
469 2498 510 2567 άν
538 2499 684 2589 ηὐξάμην
707 2511 818 2585 χανεῖν
844 2498 979 2585 μοιτίην
1005 2502 1063 2583 γῆν
1085 2502 1207 2582 μάλλον

97 2593 122 2681 ἢ
143 2596 202 2677 τάς
224 2599 303 2681 ἐμάς
318 2600 563 2688 ’άναγκάζεσθαι
584 2607 642 2669 νῦν
662 2601 716 2668 ἐπὶ
731 2606 791 2670 σοῦ
803 2602 976 2689 συμφοράς
992 2602 1205 2689 άφηγεῖσθαι·

97 2702 317 2784 ἀναμέμικται
335 2699 398 2790 γάρ
422 2711 520 2772 τουτί
538 2699 682 2781 πωςκσί
693 2709 926 2793 συμπέφυρτιιι
945 2711 1011 2779 τοῖς
1034 2695 1208 2789 ἐγκλήμασι

104 2993 232 3064 quiddam
256 2994 404 3062 tyrannidis
430 2992 568 3048 libidinem
593 2995 686 3048 dmuut
712 3002 740 3047 et
773 2993 922 3063 σιτοδεῖαι
946 2990 1053 3061 legibus
1071 2988 1211 3059 probatam

104 3069 153 3120 sit.
190 3082 280 3135 neque
299 3068 381 3134 igitur
402 3082 454 3136 ego
475 3068 499 3120 is
517 3084 574 3119 sum
594 3067 639 3135 qui
660 3067 709 3118 lilii
728 3082 792 3134 erga
811 3066 894 3133 patrie
913 3064 1003 3115 oiiieia
1020 3063 1140 3127 laeserit,
1158 3079 1210 3114 ue.

104 3154 162 3207 qne
182 3140 228 3206 qui
255 3140 429 3191 contemserit
459 3141 554 3206 gravia
579 3138 748 3191 inraiurauda
768 3137 833 3199 illa;
860 3152 952 3188 verum
971 3143 1048 3203 pater
1068 3134 1116 3186 ille
1136 3148 1209 3186 meus

105 3210 156 3278 qui
174 3225 205 3260 sc
223 3211 296 3262 vitae
315 3226 390 3262 meae
409 3212 483 3264 velie
502 3211 688 3263 Prometheum
708 3226 769 3260 esse
789 3209 959 3260 iureiurando
978 3208 1129 3259 aliirmavit.
1149 3206 1212 3275 quid

105 3288 199 3333 antem
218 3284 377 3334 committam
397 3284 420 3335 si
440 3284 536 3335 vivere
555 3283 635 3349 cupio
654 3281 741 3349 quoad
766 3281 834 3348 patri
854 3280 960 3348 placeat
978 3282 1023 3347 qui
1044 3280 1212 3345 omnipotens

106 3360 151 3403 est
169 3368 266 3422 meque
284 3357 445 3421 procreavit.
482 3370 542 3406 uam
561 3368 615 3404 uon
634 3356 680 3422 qni
698 3368 794 3403 secure
822 3353 917 3403 vivero
939 3354 1049 3418 cupiunt
1067 3352 1212 3403 secuudum

105 3423 188 3491 leges
213 3427 378 3493 castigantur
407 3427 454 3478 sed
480 3428 538 3493 qui'
556 3428 662 3491 tyranni
690 3426 879 3475 immanitatem
907 3440 964 3473 cum
991 3424 1082 3491 speeie
1102 3422 1212 3490 quadam

105 3496 245 3548 amicitiae
265 3500 469 3549 commiscentes
488 3499 520 3550 ad
542 3500 687 3565 periurium
706 3504 733 3547 et
753 3497 862 3547 eaedem
882 3510 974 3547 eorum
1001 3495 1120 3547 iretteuti
1141 3497 1211 3554 suut,

105 3580 181 3634 quos
199 3566 298 3636 diliger
311 3568 385 3621 velle
403 3572 531 3621 iurarunt.
569 3570 636 3621 illud
651 3570 733 3637 igitur
752 3567 822 3636 quod
841 3568 937 3618 attinet
956 3565 1087 3618 voluntati
1105 3570 1212 3615 nostrae

106 3636 181 3691 nihil
200 3638 305 3702 oliicit;
336 3650 428 3692 contra
446 3642 560 3691 alterum
578 3655 629 3693 nos
652 3640 749 3691 noxios
769 3639 862 3691 reddit.
909 3640 1009 3689 utinam
1029 3644 1147 3687 niortuus
1167 3648 1213 3683 es.

105 3725 168 3765 sem
188 3716 215 3760 et
235 3724 283 3762 vos
301 3715 457 3779 sanguinem
487 3727 575 3763 meum
601 3728 650 3781 pro
669 3712 756 3765 salute
782 3717 871 3763 vestra
900 3710 1003 3776 operati
1024 3708 1120 3759 essetis
1140 3713 1166 3756 et
1185 3710 1214 3756 ut

108 3780 236 3851 pulveris
262 3781 454 3849 aliquantulum
484 3783 536 3834 lroc
561 3786 685 3837 miserum
715 3798 801 3833 metim
828 3795 924 3848 eorpus
952 3780 1104 3846 operuisset
1122 3778 1214 3845 prins.

107 3867 190 3922 quam
224 3852 265 3904 liis
285 3855 363 3904 tautia
391 3854 521 3919 periculis
547 3855 684 3907 obruerer.
720 3870 780 3905 nam
806 3851 965 3904 occumbere
989 3849 1073 3903 cernel
1102 3857 1214 3900 mortem

109 3923 258 3991 ingloriam
279 3924 571 3991 multo-praestabilius
590 3936 631 3979 est
649 3942 725 3995 quam
745 3926 823 3993 regni
843 3922 946 3975 iutilem
967 3936 1131 3975 conservare
1151 3919 1214 3989 glo-

109 3996 190 4049 riam.
229 3997 292 4048 huic
309 3996 379 4047 euim
397 3994 481 4051 multa
498 4011 531 4047 ac
550 4000 624 4049 varia
642 4001 737 4050 adsunt
756 3995 876 4063 pericula
895 3994 969 4046 mille
989 3995 1081 4045 mortis
1100 3990 1215 4045 terrori-

108 4068 165 4120 bus
182 4069 284 4121 rcicrta
303 4082 371 4137 quae
398 4076 481 4119 noctu
511 4068 611 4136 diuque
636 4084 686 4121 uos
715 4072 924 4121 circumcursant
950 4074 976 4118 et
1003 4064 1164 4117 antecedunt
1188 4067 1216 4111 et

95 4140 245 4204 ‘undarum
269 4141 449 4200 aestuantium
473 4140 559 4197 instas
581 4156 631 4199 uos
656 4142 850 4213 comprimunt..
885 4138 953 4197 illud
971 4150 1038 4199 aeno
1063 4134 1163 4193 nostris
1182 4130 1216 4191 dt
