3017 4759
230 192 454 261 msroumn
482 192 741 263 aratummn
770 195 880 264 xxvi.
905 162 1092 265 tlt-35.
1156 196 1225 271 tot

121 358 247 439 δαίμων
267 359 420 423 ἐπαντλεῖ
447 354 485 423 τό
509 358 664 442 δεόιερα,
686 358 767 423 κόπί
786 357 907 435 τοότοις
937 354 982 424 cal
1002 354 1053 427 όεί
1072 360 1109 430 τό
1126 360 1228 443 μειζαι

120 461 179 523 καί
198 460 331 545 μηδαμῇ
352 455 609 544 προσδοκώμενα.
634 457 760 545 ναίμῆν
780 456 909 527 καῖ’όσα
924 465 986 527 τῶν
1007 487 1230 545 ααρεσκευασ-
1269 510 1273 515 -
1315 494 1327 515 r

120 563 227 643 μόνων
258 556 389 641 βέβαιόν
409 584 442 625 τε
473 562 528 625 καί
555 564 792 646 α’ναμφιλεκτον
818 561 903 645 ἔχειν
925 566 1016 627 δοκεῖ
1030 587 1097 638 πως
1117 562 1151 629 τό
1175 557 1229 628 εό·

122 664 248 741 δαιμον,
264 662 319 727 καί
331 653 377 738 οίς
390 658 494 737 οόδείς
509 662 577 726 οὐδ’
592 661 724 728 ὁθενοῦν
741 663 809 729 oct·
825 662 932 730 ότιοόν
947 662 1013 747 ἔχει
1026 669 1226 749 μέμφεσθαι,

92 766 226 829 otnero
239 766 271 837 ἐς
283 758 420 846 ἑσπέραν
432 762 669 846 ἀνατρεπόμενοι
685 761 787 828 πόντιε
801 774 917 847 κεῖται,
933 764 989 829 καί
1003 769 1035 841 ἐς
1049 765 1229 832 τοόναντίον

121 872 308 946 περιχωρεῖ,
330 863 384 928 καί
404 864 507 955 ῥᾷστα
522 867 567 954 τῷ
587 868 640 947 τῆς
660 865 819 949 όμαρτίας
838 868 1019 949 περιτρέπει
1036 870 1176 944 δαίμονι,
1195 868 1228 944 ἐξ

122 964 232 1029 αότῶν
253 964 474 1049 α’πηρτισμένα
508 970 623 1040 τελέαις
652 969 751 1031 εἰπεῖν
780 964 988 1049 όρπαζόμενα
1011 971 1075 1033 τῶν
1095 968 1226 1051 χειρῶν.

122 1068 179 1130 καί
209 1063 263 1129 oiri
291 1066 417 1142 πλείους
447 1064 502 1131 καί
534 1066 695 1151 κρείττους
726 1070 908 1152 κεκτημένοι
939 1068 1140 1150 πολλαχόθεν
1170 1068 1228 1143 τός

125 1165 277 1249 οίφορμός
299 1169 360 1231 τῶν
386 1172 538 1250 μαχίμων
558 1172 789 1251 παρασκευῶν,
813 1163 925 1253 ἥττους
951 1171 985 1233 ἒν
1006 1169 1072 1243 τοῖς
1091 1173 1228 1251 καιρίυις

71 1262 271 1333 luiticiorum
293 1270 405 1358 μακρῷ
428 1272 490 1334 τῶν
510 1274 670 1350 πολεμίων
683 1272 833 1356 ἐξαίφνης
855 1268 1057 1354 φαινόμεθα·
1101 1273 1156 1333 καί
1177 1267 1229 1332 αἐί
1339 1326 1343 1334 .

122 1373 269 1454 γέμοντες
291 1370 428 1436 ε’λπίδων
447 1376 608 1455 χρηστῶν,
627 1369 679 1435 αἰεί
698 1373 830 1456 μακρῶν
853 1371 909 1433 oria
930 1372 977 1444 εἰς
998 1367 1125 1454 μακρόν
1145 1368 1227 1434 σίπο-

122 1466 269 1555 γνῶσεων
298 1466 375 1544 τοός
401 1468 435 1535 ἒν
468 1474 550 1536 πόλει
583 1474 746 1554 τρυγῶμεν
778 1467 928 1561 καρποός.
980 1465 998 1532 ό
1016 1471 1082 1535 ’καί
1100 1471 1291 1551 μακρῶςη

123 1576 307 1654 περιίστηοί
323 1594 378 1651 μοι
403 1568 460 1647 τόις
483 1571 638 1656 α’πορίας,
668 1573 723 1635 καί
746 1573 956 1647 nullate-nuc*
988 1569 1075 1650 μόλα
1097 1567 1226 1645 ιίιόπσις

123 1670 304 1753 περικλόζει
327 1681 392 1748 τοῖς
413 1675 560 1749 ereetum
581 1670 736 1759 κόμασιν,
771 1673 814 1749 ῶς
836 1677 917 1758 μηδὲ
939 1670 996 1758 τὴν
1016 1675 1157 1756 γλῶτταν
1180 1667 1226 1735 ἔτι

73 1786 110 1841 15
124 1772 232 1857 πρόσω
254 1772 415 1839 δόνασθαι
438 1784 545 1856 κινεῖν,
568 1776 711 1857 χείροσιν
730 1776 785 1839 ιιέἰ
805 1776 995 1859 διηγήμασιν
1016 1773 1228 1856 ἐντυγχάνου-

122 1899 191 1940 σαν.
236 1872 292 1940 καί
313 1867 352 1958 ἢν
373 1874 420 1959 μή
446 1880 487 1941 cai
505 1899 563 1957 μοι
580 1873 702 1961 λόσαις,
725 1878 913 1961 Ἀσκληπιός
934 1902 982 1956 τις
1003 1879 1058 1941 καί
1078 1878 1102 1915 ”
1119 1874 1227 1942 Ἱππα-
1237 1885 1257 1942 l.
1269 1885 1357 1941 11911.

121 1971 238 2060 κρόκης
268 1976 390 2041 οόιωσί
408 2001 474 2053 ποις
506 1976 670 2066 καμνοόσῃ
691 1981 804 2064 φανείς
836 1982 978 2068 διανοίᾳ,
1010 1976 1068 2040 οόκ
1092 1972 1131 2040 όίν
1154 1976 1229 2056 ἐμοὶ

120 2081 184 2161 τῶν
214 2083 327 2163 ἑφεξῆς
354 2081 437 2164 ε’νείη
469 2082 571 2163 λέγειν
599 2080 743 2168 οόδάμῇ,
775 2078 843 2144 ἀλλ’
866 2082 1008 2145 ἐνταῦθα
1039 2077 1078 2162 δή
1099 2102 1139 2157 με
1164 2076 1234 2161 τῶν,

122 2180 265 2261 α’πσρίῶν
293 2177 327 2245 αἱ
346 2180 508 2267 φόραχγίς
532 2205 564 2247 τε
584 2185 639 2246 καί
663 2181 701 2246 τό
727 2179 841 2265 ἔνεδρα
864 2178 965 2267 φόνοι
988 2177 1042 2244 τόν
1062 2173 1146 2242 οότω
1166 2201 1226 2240 τα-

73 2281 284 2363 2θλαίπαιρον
313 2279 443 2365 κόμψαι
469 2279 636 2364 βιάσονται
667 2283 787 2366 δρόμον
819 2284 881 2347 τῶν
915 2279 1032 2364 λόγων,
1059 2278 1133 2363 πρίν
1164 2282 1226 2343 τῶν

121 2386 237 2448 δεινῶν
257 2386 416 2448 ἐπιθεῖναι
438 2380 477 2449 τό
500 2387 610 2466 μείζω.
654 2378 712 2470 όχο
735 2385 774 2469 δὴ
797 2376 873 2466 σόν,
897 2374 963 2467 όιχε,
988 2387 1065 2469 φίλη
1090 2404 1146 2463 μοι
1171 2400 1224 2445 κε·

122 2678 279 2747 priusquam
305 2689 358 2728 una
377 2673 467 2744 aliqua
486 2689 520 2727 ex
537 2681 614 2742 parte
631 2674 726 2728 sarciri
743 2676 846 2743 possit,
870 2668 921 2727 irim
939 2681 1110 2742 pcccatorum
1130 2673 1226 2744 genius

124 2748 226 2802 vindex
244 2746 354 2799 alteram
372 2746 483 2798 effundit
502 2754 529 2797 et
552 2745 622 2797 aliae
650 2747 729 2799 etiam
752 2748 869 2801 maiores
896 2760 1004 2813 prorsus
1023 2747 1161 2813 inopinato
1179 2762 1227 2799 se.

124 2827 251 2889 quuntnr.
289 2826 369 2886 atque
387 2815 543 2869 mehercule
562 2819 641 2869 etiam
660 2832 693 2869 ea
711 2818 847 2881 instituta,
877 2832 945 2887 quae
971 2825 1069 2869 certam
1098 2817 1226 2885 quandum

124 2900 206 2959 atque
232 2889 405 2943 indubitatam
437 2887 594 2940 felicitatem
617 2888 718 2941 habere
746 2890 886 2942 videantur
909 2880 1031 2957 quaeque
1063 2901 1141 2939 nemo
1170 2878 1227 2941 ulla'

126 2976 253 3015 excausa
273 2960 319 3013 vel
339 2959 397 3011 nlla
414 2961 441 3011 in
460 2968 536 3027 parte
546 2961 701 3029 vituperare
718 2969 809 3028 queat,
832 2975 862 3011 ea
881 2974 986 3011 amane
1005 2972 1090 3025 usque
1109 2957 1141 3008 ad
1159 2973 1226 3010 ves.

130 3048 221 3101 peram
240 3029 321 3100 plane
339 3038 549 3096 convertuntur,
574 3032 601 3082 in
621 3032 779 3083 contrariam
802 3030 980 3083 conditionem
1001 3029 1225 3097 circumaguntur,

125 3104 256 3157 facillime
276 3105 391 3171 agonio
415 3110 586 3169 peccatorum
614 3102 721 3155 uindice
745 3102 936 3155 convelluntur
957 3108 1000 3165 et,
1020 3100 1140 3168 quamvis
1159 3100 1226 3166 ipsis

124 3174 256 3239 manibus,
275 3181 306 3225 ut
318 3175 355 3225 ito
366 3175 461 3238 dicam,
481 3174 674 3241 comprehensa
688 3180 838 3237 teneantur,
857 3181 946 3225 tarnen
965 3171 1141 3238 abripiuntur.
1160 3170 1227 3223 licet

126 3254 213 3299 nutem
232 3248 260 3296 in
278 3244 335 3297 dies
354 3247 468 3297 maiores
489 3254 569 3314 atque
581 3244 708 3296 meliores
721 3244 788 3296 belli
807 3253 949 3312 apparatus
962 3242 1078 3295 faciendi
1092 3251 1225 3311 opportu-

1 3340 18 3352 τ
124 3320 236 3370 nitatem
253 3332 269 3368 a
287 3318 377 3369 multis
401 3317 519 3384 partibus
545 3317 745 3383 nanciscamur,
765 3332 871 3383 semper
900 3317 1033 3368 tamenin
1054 3316 1226 3367 maximarum

125 3389 373 3451 rerum—momentis
385 3388 506 3441 hostibus
521 3388 602 3441 multo
616 3388 761 3441 inferiores
775 3388 967 3455 exinproviso
984 3400 1141 3454 apparemus
1153 3402 1226 3438 sem.

124 3476 228 3529 perque
247 3460 345 3527 optima
362 3460 460 3527 repleti
477 3475 525 3528 spe
546 3475 680 3529 nunquam
698 3474 753 3511 non
773 3459 849 3511 brevi
869 3458 961 3527 elapso
985 3466 1106 3524 tempore
1124 3457 1156 3507 ad
1176 3473 1226 3508 ex.

124 3540 238 3585 tremum
256 3546 365 3599 magnas
389 3532 590 3598 desperationes
619 3532 694 3599 quasi
710 3539 860 3584 nostrerum
880 3532 1013 3582 actionum
1039 3528 1140 3580 fructus
1161 3542 1225 3595 per.

126 3604 248 3670 cipimus.
286 3602 338 3653 hoc
356 3618 477 3671 magnam
496 3602 561 3655 milri
587 3604 675 3655 inlicit
693 3602 802 3655 consilii
826 3602 942 3668 inopiam
969 3600 1113 3666 multisque
1135 3614 1177 3649 me
1194 3612 1226 3650 ac
1322 3602 1324 3605 '

123 3676 200 3726 miris
224 3672 347 3726 luctibus
377 3674 582 3739 circumfundit,
612 3682 642 3728 ut
665 3691 700 3727 ne
725 3675 843 3743 linguam
863 3674 969 3741 quidem
993 3670 1105 3738 amplius
1126 3670 1227 3738 possim

124 3760 256 3810 movere,
278 3760 346 3811 quae
372 3748 400 3798 in
428 3747 536 3813 peiores
554 3747 583 3797 in
608 3748 667 3800 dies
684 3747 852 3799 narrationes
877 3744 986 3797 incidat.
1024 3756 1100 3811 quum
1126 3743 1179 3794 nisi
1197 3749 1227 3794 tu

124 3817 216 3872 solves
236 3825 264 3868 et
282 3816 367 3869 veluti
394 3818 464 3870 alter
482 3818 624 3886 Asclepius
650 3826 677 3870 et
694 3819 868 3886 Hippocrates
894 3816 926 3867 ad
951 3814 1064 3866 animum
1081 3829 1168 3869 meum
1187 3812 1227 3865 sio

123 3896 309 3957 aegrotantem
329 3890 452 3952 accedes,
470 3903 524 3940 non
544 3890 602 3941 lieri
621 3890 730 3956 poterit,
749 3897 788 3953 ut,
809 3903 877 3956 quae
899 3894 1055 3954 sequuntur,
1074 3885 1123 3938 tibi
1145 3898 1226 3935 enar.

123 3976 196 4024 rem,
217 3959 264 4012 sed
282 3959 463 4013 molestiarum
493 3962 637 4029 voragines
657 3968 684 4013 ct
704 3962 834 4025 insidiae,
863 3966 893 4010 ut
911 3959 949 4009 itn
970 3958 1065 4023 dicam,
1083 3955 1227 4009 verboram

126 4047 233 4092 cursum
256 4038 308 4082 tum
328 4033 454 4084 miseruut
479 4032 557 4084 linire
575 4047 618 4082 me
637 4040 750 4101 cogent,
776 4032 929 4099 priusqunrn
947 4044 1036 4083 rerum
1060 4024 1227 4080 horribilium

128 4103 264 4157 cumulum
282 4103 436 4158 addiderim.
477 4102 610 4174 agedum,
628 4119 694 4172 age,
719 4104 921 4157 dilectissimum
943 4102 1008 4155 mihi
1035 4106 1126 4166 caput,
1156 4102 1228 4147 tuum
