3017 4759
262 183 313 261 m
566 182 792 256 mmm
821 178 1055 250 dudonis

263 350 386 424 τούτοις
418 346 551 423 ὁλκάδες
578 352 830 413 coruscos-‘isira
858 343 890 423 ἓξ
922 347 986 408 τάν
1008 342 1091 407 πάνυ
1114 340 1281 424 μεγίστων,
1305 366 1372 423 μη-

263 450 367 535 χανάς
388 450 589 525 παντοδαπάς
612 453 666 513 καί
686 444 816 523 ὁπλίτας
838 446 989 530 ἀρίστους
1002 449 1162 530 φέρουσαι
1183 445 1369 522 πλείστους,

263 557 386 635 ιιαίριοτ
419 547 481 639 ἤδη
512 555 702 633 νομισθῆναι
732 556 798 623 τοῖς
827 543 926 610 άπασι
953 544 1071 619 πάσαις
1104 542 1186 624 ὁμοῦ
1210 540 1371 623 δυνάμεσι

263 651 525 738 προστλάσανταξ
549 652 775 751 cunicmundus
804 647 840 712 τά
874 649 1031 733 φρούριον
1070 646 1264 731 αάδημερδν.
1314 647 1373 707 καί
1501 669 1502 692 1

264 755 390 821 τούτων
409 751 528 817 σάτασί
551 754 780 835 πεπραγμένων
813 749 994 831 ἀνυσθῆναι
1017 748 1109 831 σφίσι
1133 748 1233 830 μηδὲν
1251 746 1397 828 eiusad-5
1495 697 1503 806 ί

265 879 369 938 ιιμιν,
391 853 435 928 ὥς
456 853 631 934 ἀπογνόντα
654 849 766 914 λοιπὸν
788 847 840 915 τὸν
864 852 921 930 τῆς
941 851 1091 931 ναυτικῆς
1112 850 1175 911 τῶν
1188 850 1371 912 Reseranda

262 955 431 1037 docuissem
457 955 621 1034 ναύαρχον
649 954 705 1015 τοῦ
732 956 793 1032 μὲν
814 953 953 1029 πολέμου
983 947 1135 1029 διάδοχον
1157 948 1288 1034 ἀφεῖναι
1311 944 1370 1010 τάν

264 1058 419 1137 βασιλέα,
456 1050 552 1117 adria
586 1054 621 1115 δὲ
649 1053 797 1131 μαθόντα
826 1045 886 1133 ἤδη
909 1052 965 1113 καί
990 1045 1131 1130 τριήρεις
1155 1045 1190 1111 ἐκ
1210 1051 1241 1113 Γ
1237 1048 1371 1122 εννοάας

264 1153 410 1241 ἑξήκοντα
437 1152 524 1237 παρά
553 1154 659 1217 πάσαν
687 1152 882 1235 α’ναγομένας
904 1152 1039 1231 ἐλπίδα,
1065 1145 1155 1223 ὅλαις
1185 1142 1370 1233 ἀναχωρεῖν
1501 1229 1502 1236 ¹

266 1256 419 1339 πορείαις.
1378 1271 1416 1323 1⁰
1464 1292 1467 1297 -
1501 1305 1502 1330 η

199 1367 255 1422 nl
350 1354 420 1422 Καί
447 1352 470 1419 ά
496 1358 555 1437 μὲν
587 1354 739 1437 ἀμυδρῶς
772 1353 872 1428 αάτὸς
894 1350 1056 1437 η’κηκόειν,
1090 1350 1225 1436 ἔκδημος
1246 1346 1291 1415 σάν
1311 1354 1369 1434 τῆς

265 1458 428 1541 πατρίδος,
449 1460 538 1523 ταῦτ’
569 1453 671 1521 ἐστίν·
715 1452 811 1528 αιἰὸς
842 1456 871 1518 δ’
890 1449 929 1517 ἀν
949 1478 1004 1536 μοι
1025 1458 1128 1536 λέγοις
1148 1455 1369 1537 τάληθέστερά

265 1582 299 1624 τε
327 1561 382 1621 καί
402 1554 595 1641 βεβαιότερα
621 1560 683 1621 τάν
706 1557 872 1620 ἐνταυθοῖ]
881 1560 1110 1639 πεπραγμένων
1142 1557 1286 1650 ἐκείνων,
1311 1560 1369 1639 τῆς

267 1655 457 1745 ἀφηγήσεως
478 1656 666 1743 προϊούσης,
686 1655 870 1738 προστιθείς
900 1659 933 1720 ἐν
962 1656 1065 1741 ταάτῴ
1090 1654 1144 1720 καί
1162 1653 1201 1719 τά
1225 1659 1288 1720 τάν
1310 1680 1370 1720 πε-

266 1761 454 1841 πραγμένων
475 1756 572 1823 αἴτια.
617 1760 674 1822 νῦν
696 1760 724 1819 δ’
748 1750 792 1822 ὧν
813 1753 910 1833 αάτὸς
932 1756 1095 1841 αυ’τάπτης
1116 1753 1188 1839 ἑξῆς
1213 1754 1415 1842 ε’γινάμηνΙδ

267 1858 336 1924 ἀνιεῖ
353 1857 475 1940 παράν,
497 1850 564 1939 εἶμι
587 1858 779 1939 δριόναάτδς
801 1858 915 1923 αιίτίιια
938 1860 995 1923 τὸν
1014 1858 1199 1939 λεπτότερον
1221 1857 1276 1922 καί
1295 1860 1369 1921 καθ’

261 1964 382 2025 ἕκαστα
401 1960 531 2043 τρόπον.
563 1946 798 2041 ἐπαναληπτέον
824 1964 930 2024 τοίνυν
950 1959 1008 2025 τὸν
1030 1956 1120 2042 λόγον
1144 1954 1207 2048 ὅπῃ
1227 1957 1263 2023 τά
1287 1961 1370 2041 πρά-

267 2084 359 2146 τερον
372 2057 468 2153 Ιἴχνος
490 2063 660 2141 ἀλιπομεν,
684 2062 736 2123 ἵνα
753 2058 788 2124 τά
810 2065 864 2143 τῆς
884 2061 1026 2144 ἱστορίας
1052 2064 1194 2146 συναφὲς
1228 2059 1287 2144 τῆν
1311 2064 1371 2124 τοῦ

269 2166 396 2248 σαφοῦς
417 2159 581 2248 ῥαστώνην
602 2162 712 2247 εάφνά
735 2164 861 2249 παρέχη
883 2172 949 2237 τοῖς
970 2161 1228 2245 ἐντυγχάνωσιν.

203 2278 260 2332 Ι.
360 2253 495 2344 Ἔτυχον
516 2264 575 2342 μὲν
598 2261 658 2343 ε’γοδ
683 2262 855 2345 διατρῆδων
883 2263 956 2346 περί
976 2259 1015 2326 τά
1038 2270 1131 2325 κοῖλα
1152 2267 1209 2345 τῆς
1229 2262 1415 2343 Εάβοιαςοο

263 2363 326 2427 ναί
346 2359 521 2445 Κάρυστον
540 2361 628 2427 πόλιν
649 2366 792 2446 λῆγοντος
814 2358 875 2446 ῆδη
897 2369 956 2427 τοῦ
979 2367 1108 2449 δέρους,
1126 2367 1180 2429 καί
1199 2369 1371 2447 τηνικαῦτα
1442 2437 1447 2440 ,

271 2466 435 2546 ξυνέβαινεν
457 2469 628 2528 καταυλεῖν
652 2464 684 2538 ἐς
706 2462 826 2548 Ὠρεόν,
847 2464 938 2561 πόλιν
959 2464 1100 2545 Εάβοιας
1119 2463 1293 2551 εὐλίμενον,
1314 2463 1372 2542 τάς

272 2774 323 2813 ser
339 2772 423 2811 nares
441 2758 578 2812 onerarias
597 2758 722 2810 maximas
742 2758 813 2809 omni
827 2755 936 2826 ‘genere
955 2757 1137 2810 machinarum
1156 2764 1183 2809 et
1206 2758 1296 2826 gravis
1323 2774 1369 2809 ar.

272 2839 391 2885 maturae
410 2829 540 2883 militibus
559 2829 681 2897 plurimis
701 2830 909 2897 fortissimisque
926 2831 1070 2882 instructas
1090 2838 1298 2896 comparassent,
1318 2831 1370 2881 iam

273 2901 394 2955 omnibus
412 2901 537 2955 idoneum
554 2901 754 2969 tempusvisum
777 2916 836 2952 esse
858 2902 961 2953 cunctis
982 2903 1068 2969 copiis
1087 2902 1207 2969 protinus
1230 2900 1369 2953 castelium

275 2973 411 3027 adoriendi
430 2982 510 3043 atque
530 2965 678 3027 obsidendi.
717 2972 764 3025 tali
783 2974 888 3023 ratione
907 2972 987 3025 rebus
1007 2974 1137 3025 institutis
1155 2972 1224 3024 nibil
1242 2972 1319 3024 abiis
1337 2972 1369 3023 ad

274 3047 373 3097 exitum
394 3047 535 3099 adductum
555 3062 625 3110 esse,
646 3045 833 3110 audiebamus,
856 3045 892 3095 ita
914 3052 944 3095 nt
965 3044 1057 3097 classis
1078 3043 1197 3095 Venetae
1217 3044 1368 3112 praefectus

273 3133 303 3168 re
322 3118 373 3168 iarn
391 3118 532 3185 desperata
557 3126 584 3168 et
601 3118 785 3184 Imperatore,
814 3118 859 3185 qui
888 3115 990 3169 bellum
1016 3123 1246 3183 persequeretur,
1274 3116 1368 3168 relicto

273 3201 371 3239 summa
393 3187 565 3239 festinatione
584 3190 743 3241 recessisset
763 3191 863 3241 certior
885 3189 981 3252 iactus,
1003 3188 1035 3239 ab
1049 3188 1141 3241 Genua
1160 3189 1211 3238 iam
1231 3189 1371 3255 sexaginta

273 3258 396 3310 triremes
415 3266 523 3323 praeter
542 3260 657 3310 omnium
677 3260 904 3325 exspectationem
923 3262 951 3311 in
971 3258 1052 3311 altum
1072 3268 1180 3312 evectas
1201 3275 1270 3311 esse.

372 3352 446 3406 Haec
464 3355 588 3421 equidem
607 3370 623 3405 a
641 3356 727 3422 patria
744 3364 862 3409 remotus
889 3357 964 3424 quusi
982 3336 1037 3424 'per
1061 3356 1186 3409 nebulam
1211 3358 1316 3420 audivi3
1340 3366 1370 3409 tu

274 3435 363 3479 autem
382 3427 537 3479 narratione
555 3427 745 3494 progrediente
765 3429 872 3479 veriora
892 3429 1020 3495 quaedam
1039 3436 1119 3495 atque
1141 3429 1257 3479 certiora
1275 3430 1308 3480 de
1323 3444 1369 3480 rc.

274 3499 323 3551 bos
343 3498 387 3550 hic
405 3506 460 3550 turn
485 3498 569 3564 gestis
592 3512 710 3564 expones
729 3498 825 3549 additis
852 3500 931 3551 etiam
956 3516 1043 3551 rerum
1067 3502 1164 3551 causis.
1207 3516 1278 3552 nunc
1304 3516 1369 3554 sero

274 3586 329 3635 res,
350 3586 460 3639 quarum
478 3572 537 3637 ipse
556 3568 615 3620 illic
633 3576 768 3635 spectator
780 3569 828 3634 fui,
848 3587 881 3622 ex
900 3572 993 3623 ordine
1013 3572 1060 3623 tibi
1075 3580 1198 3624 accurate
1217 3574 1370 3639 atquesin-

276 3640 390 3709 gillotim
411 3642 536 3693 referam.
573 3641 761 3693 revertendum
780 3643 862 3709 igitur
880 3643 957 3695 nobis
978 3644 1070 3695 estad
1095 3644 1139 3708 id,
1163 3644 1234 3695 unde
1257 3643 1370 3711 digressi

276 3727 376 3777 snmus,
397 3721 425 3763 ut
443 3713 573 3765 historiae
598 3712 759 3764 continuitas
778 3713 943 3779 praeclaram
961 3731 1051 3768 rerum
1073 3715 1235 3785 cognitionis
1254 3715 1370 3767 facilita-

276 3791 329 3833 tem
348 3784 485 3849 praebeat,
504 3799 572 3852 quae
589 3785 660 3835 inest
677 3786 705 3836 in
722 3787 924 3852 perspicuitate.

379 3880 464 3945 Quum
489 3881 573 3949 igitur
591 3883 663 3935 circa
682 3881 773 3935 fauces
793 3882 920 3935 Euboeae
942 3894 968 3936 et
987 3885 1126 3951 Carystum
1145 3885 1238 3937 urbem
1258 3891 1372 3935 exeunte

260 3950 329 4005 'iam
350 3959 452 4004 aestate
471 3968 657 4018 commorarer,
677 3954 709 4005 ad
729 3954 850 4021 Orcum,
874 3955 1002 4018 Euboeae
1020 3958 1112 4009 urbem
1139 3965 1219 4024 portu
1245 3964 1372 4019 ornatam,

280 4024 433 4094 quindecim
452 4024 518 4078 illae
536 4040 620 4078 naves
635 4026 755 4077 Venetae
774 4028 944 4095 appulerunt,
965 4044 1029 4095 quas
1051 4045 1085 4081 ex
1101 4029 1231 4096 portubus
1248 4028 1374 4096 Byzantii

279 4098 428 4155 recessisse
446 4113 527 4167 supra
547 4099 795 4153 demonstravimus.
816 4108 877 4153 octo
897 4108 984 4153 autem
992 4102 1159 4156 Cretensium
1180 4101 1302 4154 triremes
1313 4100 1374 4153 inde
