3017 4759
197 303 420 378 nicroamn
445 303 705 374 emanarunt:
725 304 849 374 xxxv.
864 289 1051 377 11-15.
1107 297 1181 378 tat

66 471 196 548 θέλων,
220 473 327 558 φησιν,
349 467 368 536 ό
380 471 463 546 Ιθεὸς
481 468 666 554 μετέχεται,
692 454 779 556 αὐτῷΙ
800 469 886 554 μόνῳ
919 464 1185 536 διαπεσεῖται

67 569 278 656 καταληπτόν
297 573 343 658 τῷ
366 574 443 657 θεῷ,
465 579 530 646 τοῖς
552 572 592 633 δ’Ι
608 567 716 645 ἄλλοις
737 572 836 634 πᾶσιν
852 568 1061 656 α’νέκφαντον·
1106 569 1125 634 ό
1149 573 1183 636 δὲ

68 675 248 756 Παλαμιῖς
272 672 468 758 φαινομένην
487 672 596 736 τοῦτον
616 673 721 734 καλοῦν
744 670 915 754 ἐνέργειαν,
936 668 992 754 τὴν
1006 656 1079 741 τοό,
1091 669 1182 755 όγέοο
1235 740 1238 744 ,

72 773 271 858 διαστρέφει
310 774 472 863 διάνοιαν,
501 771 733 856 κακομηχόνως
764 766 979 853 μετοχετεόων
1012 773 1058 848 εἰς
1088 769 1111 835 ό
1139 771 1184 858 μὴ

36 875 136 948 5δεΐ.
189 877 289 940 έκεῖνο
311 877 355 954 Ιδὲ
387 879 455 951 πῶς
493 873 547 939 οόκ
584 873 732 951 α’ναιδές,
771 876 817 959 τῷ
848 875 907 955 μὲν
936 872 1061 957 Ἕλληνι
1087 874 1250 958 Epo-u

70 979 152 1060 κλῳ,
176 976 232 1042 καό
255 977 353 1042 πάνθ’
381 974 523 1061 όμοδόξιγ
547 972 737 1056 Πλάτωνος,
770 970 935 1055 ὁμοδοξεῖν
961 975 1020 1056 μὲν
1048 973 1105 1038 κατ’
1124 974 1184 1060 α’λ-
1236 983 1243 992 ’

71 1079 167 1161 λαχῇ
199 1079 362 1162 πολλαχῇ,
381 1075 469 1140 καθὰ
491 1077 547 1140 καί
575 1076 717 1161 πρόσθεν
747 1071 825 1158 ἡμῖν
848 1073 928 1136 κατὰ
956 1077 1019 1138 τῶν
1040 1075 1183 1159 πρόσθεν

72 1175 177 1240 αὐτοῦ
197 1180 458 1262 βλασφημιῶνέν
475 1184 545 1253 ταῖς
558 1175 729 1262 προτέραις
746 1172 838 1257 ἡμῶν
856 1173 1079 1260 α’ντιρρήσεσιν
1099 1177 1181 1240 α’πο·

73 1275 246 1354 δέδεικται,
270 1275 377 1341 ἔπειτα
406 1279 489 1362 μηδὲ
514 1279 569 1341 νῦν
598 1277 652 1341 ἐπὶ
671 1277 769 1358 τῆσδε
789 1277 844 1358 τῆς
873 1276 994 1340 ἐκείνου
1016 1277 1182 1353 κοινωνίας

26 1398 59 1451 ιο
71 1378 270 1460 ἐκλελῆσθαι
291 1379 448 1457 ένταόθα,Ι
471 1379 554 1462 λέγει
574 1378 635 1462 γόρ
658 1400 720 1440 που
743 1383 813 1451 ταῖς
835 1373 932 1439 αότοῦ
953 1376 1009 1440 καί
1029 1377 1181 1462 Πρόκλος

70 1467 288 1562 θεολογικοῖς
309 1479 540 1564 έμφιλοσοφῶν
571 1477 773 1554 ἀποδείξεσιν
782 1525 792 1554 ,
825 1473 875 1541 ότι
906 1479 971 1540 πᾶν
990 1475 1025 1540 τὸ
1048 1477 1182 1558 μετέχον

69 1579 129 1640 τοῦ
155 1576 369 1659 μετεχομένου
393 1575 639 1661 καταδεέστερον
660 1574 714 1639 καί
734 1575 770 1639 τό
791 1574 1002 1657 μετεχόμενον
1021 1577 1078 1641 τοῦ
1101 1577 1179 1658 ἀμε-

71 1675 211 1741 θὲκτοο·
265 1675 300 1742 τὸ
330 1675 392 1761 γὰρ
424 1677 557 1760 μετέχον
582 1675 721 1763 πρὸτῆς
748 1675 911 1758 μεθέξεως
932 1677 1038 1753 ἀτελὲς
1059 1674 1104 1756 ὅν,
1126 1678 1177 1742 τέ-

73 1781 160 1839 λειον
184 1777 219 1840 δὲ
235 1779 280 1862 τῇ
300 1775 430 1858 μεθέξει
451 1777 623 1861 γινόμενον,
648 1774 794 1859 δεύτερόν
806 1778 873 1840 ἐστι
895 1776 1020 1853 πόντως
1040 1780 1097 1843 τοῦ
1117 1799 1177 1860 με·
1215 1805 1227 1846 1

26 1876 267 1957 ιῡτεχομένοο,
299 1873 382 1938 καθό
414 1874 532 1941 τέλειόν
553 1879 620 1940 ἐστι
646 1876 823 1960 μετασχόν·
873 1873 977 1962 όγόιρ
1000 1877 1107 1953 ἀτελὲς
1127 1871 1176 1961 ἦν,

72 1974 156 2040 κατὰ
176 1978 269 2040 τοῦτο
299 1976 356 2039 τοῦ
375 1977 641 2058 μετασχεδέντος,
676 1975 694 2040 ό
722 1983 811 2041 ποιεῖ
827 1976 946 2040 τέλειον
968 1977 1054 2054 αότό,
1075 2002 1174 2042 κατα-

74 2074 249 2160 δεέστερον.
291 2072 325 2139 τό
351 2076 385 2140 δὲ
409 2077 637 2159 μετεχόμενον,
660 2075 743 2151 τινός
766 2072 802 2141 όν
827 2076 882 2141 καί
903 2076 941 2139 ori
963 2076 1096 2154 πόντων,
1118 2079 1175 2140 τοῦ

73 2176 201 2240 πιόντων
223 2173 310 2252 ὄντος
330 2177 386 2241 καί
409 2176 445 2240 οὕ
468 2175 552 2252 τινός
573 2179 668 2242 πόλιν
691 2175 864 2263 δφειμένην
886 2176 1001 2257 ἔλαχεν
1022 2175 1174 2263 ὕπαρξιν·

72 2273 108 2340 τό
126 2277 186 2359 μὲν
204 2275 264 2362 γὰρ
284 2282 331 2364 τῷ
352 2277 477 2342 πόντων
493 2278 582 2363 αἰτόῳ
597 2279 850 2364 συγγενέστερον,
871 2277 906 2342 τό
929 2279 963 2341 δὲ
985 2269 1076 2362 ἧττον
1098 2300 1176 2361 συγ·

27 2376 170 2460 ρργενές.
232 2376 357 2462 ἡγεῖται
386 2375 450 2463 ἄρα
480 2377 515 2443 τό
549 2363 611 2462 μὲν
642 2377 816 2462 α’μέθεκτον
850 2381 913 2443 τῶν
945 2376 1175 2462 μετεχομένων,

72 2479 172 2541 raino
196 2479 230 2542 δὲ
251 2482 314 2544 τῶν
333 2479 540 2562 μετεχόντων.

170 2573 264 2666 Ὁρᾷς
286 2581 353 2655 ποῖς
372 2580 426 2643 καί
450 2581 601 2665 Πρόκλος
624 2582 740 2655 ἐκεῖνος
768 2577 786 2644 o‘
807 2587 873 2656 τοῖς
906 2579 1050 2656 εἰδώλοις
1072 2596 1240 2665 προσήιε

75 2685 216 2762 κείμενος
235 2687 322 2766 τρεῖς
337 2681 545 2768 παραδίδωσι
559 2683 672 2760 τόξοις,
694 2682 749 2746 καὶ
761 2683 803 2768 τῇ
823 2683 883 2766 μὲν
903 2682 1012 2769 πρώτῃ
1033 2681 1069 2747 τὸ
1094 2679 1174 2764 ἀμέ-

77 2931 129 2986 quo
147 2917 211 2968 dcun
244 2931 273 2968 oe
298 2915 427 2983 cognomi
447 2914 521 2979 vuit,
551 2916 576 2966 ei
595 2916 712 2968 ostendit
740 2930 803 2970 ecoe
823 2913 1093 2982 comprehensibilem
1111 2917 1172 2980 deo,

79 2989 175 3039 ceteris
195 2987 317 3038 omnibus
338 2987 512 3054 incognitam.
553 2985 672 3039 Paiamao
697 2995 785 3038 autem
816 2986 891 3049 iilum
914 3001 1013 3039 vocano
1038 3001 1173 3053 apparea.

77 3067 128 3110 tem
149 3059 290 3121 virtutem,
315 3059 399 3109 sancti
423 3059 583 3108 sententium
602 3061 749 3124 pervertit,
769 3056 863 3109 dolone
883 3071 931 3121 co,
951 3072 1004 3124 quo
1023 3071 1078 3110 non
1098 3056 1172 3128 iicet,

79 3129 255 3196 perducendo.
292 3144 381 3180 nonne
400 3129 559 3194 impudentis
579 3139 629 3192 eet,
649 3145 707 3180 cum
729 3129 832 3180 Graeco
851 3124 900 3179 iilo
921 3128 1026 3192 i'roclo,
1045 3129 1091 3194 qni
1113 3143 1172 3180 cnm

79 3201 184 3266 Platone
201 3201 308 3250 omnino
328 3203 471 3263 consentit,
491 3208 517 3251 ct
533 3202 688 3252 consentire
700 3199 790 3250 muitio
809 3198 870 3250 aiiio
889 3199 974 3263 locis,
993 3208 1021 3250 ot
1039 3206 1118 3252 antea
1138 3198 1172 3251 tle

81 3273 135 3322 eino
162 3271 331 3337 blasphemiis
364 3273 454 3338 primis
485 3272 583 3322 nostris
609 3271 815 3332 refutationibus
844 3273 1027 3334 ostendimur,
1055 3270 1117 3321 dein
1135 3285 1172 3322 ne

79 3357 145 3394 nrtnc
164 3343 266 3409 quidem
287 3343 362 3393 iilius
377 3343 590 3410 participationis
609 3341 755 3393 oblivisci?
792 3343 857 3394 dicit
877 3343 945 3392 enim
961 3341 1071 3394 Procluo
1090 3341 1171 3393 theo.

80 3412 170 3479 logicis
195 3429 257 3464 usuc
284 3414 576 3482 argumentationibus:
604 3428 681 3465 omne
702 3413 772 3480 quod
797 3415 974 3464 communicet
990 3429 1050 3465 core
1068 3414 1171 3480 imper.

81 3483 170 3535 tectius
197 3499 273 3551 quam
293 3486 363 3552 quod
386 3486 614 3549 communicetur,
646 3493 673 3536 et
699 3485 725 3536 id
754 3485 823 3552 quod
843 3486 1067 3548 communicetur,
1092 3499 1189 3552 cruam¹

82 3555 146 3622 quod
164 3557 349 3607 communicari
369 3565 494 3624 nequeat.
514 3557 584 3624 quod
604 3557 675 3608 enim
695 3557 876 3608 communicet
895 3556 928 3607 ob
948 3556 1169 3608 communicatio.

81 3639 136 3676 nem
169 3627 351 3692 imperfectum
383 3628 529 3693 perfectum
566 3636 653 3680 autem
684 3643 733 3694 per
763 3628 1029 3680 communicationem
1060 3625 1168 3689 iactum,

82 3697 181 3748 omuino
202 3698 393 3749 communicato
414 3699 557 3753 secuudum
578 3708 633 3763 eet,
652 3707 782 3767 quotenne
809 3700 1005 3750 communicans
1020 3697 1169 3764 perfectum

83 3769 201 3836 estquod
223 3771 291 3820 enim
312 3768 495 3834 imperfectum
524 3771 589 3835 init,
615 3771 647 3821 ad
668 3770 735 3822 iliud
754 3770 972 3821 communicatum
992 3768 1063 3834 quod
1081 3769 1167 3834 iprum

82 3839 220 3907 perfectum
239 3840 340 3903 reddit,
363 3839 546 3904 imperfectum
566 3850 614 3893 ert.
636 3843 705 3908 quod
721 3841 929 3892 communiuntur
949 3854 1008 3892 cum
1029 3838 1120 3907 aliquo
1140 3845 1168 3890 et

81 3926 129 3962 non
148 3927 202 3962 cum
222 3912 352 3971 omnihus,
373 3911 431 3960 etur
452 3911 522 3976 quod
542 3913 695 3964 universum
708 3920 749 3963 eat
768 3920 796 3961 et
815 3925 870 3962 non
888 3910 1001 3962 alicuine
1021 3911 1168 3962 subiectam

82 3991 230 4034 consecutus
250 3990 290 4032 est
311 3981 462 4033 cosentiam.
506 3980 558 4032 hoc
586 3984 654 4033 enim
684 3983 805 4034 universi
824 3989 932 4032 cantato
960 3984 1045 4050 magio
1064 3996 1167 4048 cogna-

81 4063 140 4118 tum,
157 4052 221 4105 iilud
241 4053 326 4104 minuo
341 4060 495 4117 cognatum.
538 4061 656 4118 praestat
674 4055 756 4122 igitur
782 4053 1032 4106 incommunicabile
1046 4068 1168 4106 commu.

80 4126 177 4190 nicetio,
196 4125 387 4176 communicata
408 4131 495 4174 autern
514 4125 781 4176 communicantibus.
1110 4126 1114 4131 '

169 4211 303 4280 Videsne,
333 4199 474 4282 ‘quomodo
501 4212 611 4267 Prociuo
637 4215 687 4268 iile
717 4215 800 4269 idolio
828 4194 949 4272 addictur
980 4223 1038 4271 trec
1062 4226 1167 4287 propt·

160 4313 593 4386 παρακατασχόντα.
761 4325 771 4342 ·
944 4315 978 4370 ³1
