3017 4759
241 237 464 307 nxsronns
492 238 750 307 exmuxmnu
775 242 868 307 xxx.
889 222 1075 317 to-oo.
1122 234 1221 351 jaer

125 400 296 486 τύλμηιιος,
314 401 504 477 ὑποστάσεις
516 406 576 482 μὲν
596 402 764 478 άνουσιόυς
780 397 930 486 θεότητος
947 402 975 464 δ’
990 400 1228 476 ἀνυποστάτους

126 508 239 585 σέβων.

231 608 386 687 Τέταρτον
409 608 444 669 δὲ
474 600 525 669 ὅτι
551 605 606 668 κατ’
633 604 687 669 τάν
717 597 965 685 ἄνθρωπονκαὶ
997 602 1049 667 τὸν
1071 608 1162 668 λίθον
1183 605 1293 679 alal!

128 705 306 789 ύπόδειγμα
323 709 440 791 φέρων,
462 706 518 771 aad
539 705 727 795 dptCo'p‘svue
745 707 859 770 ου’σιάν
873 700 955 770 εἶναι
977 703 1055 786 μετά
1080 708 1141 769 ταῖν
1164 729 1229 789 φυ-

101 810 225 881 5σικιύς
245 812 322 887 περί
342 807 440 892 αύτην
462 808 633 891 ὁρωμένων
647 810 962 891 συλλαμβανομὲνην,
984 802 1086 882 ἑάλως
1109 803 1154 871 ἔτι
1175 804 1231 870 κατ’

128 904 374 989 συμβεβηκότων
396 908 554 994 σύλληψιν
575 904 658 973 εἶναι
674 910 811 988 νομιζων
834 907 891 991 την
913 911 1005 972 θειάν
1029 907 1148 993 ἐκείνην
1170 909 1228 971 σύ-
1240 927 1355 983 5136„

129 1006 203 1070 σιάν
225 1000 331 1090 ύύσπερ
352 1007 406 1072 ε’πί
427 1009 483 1071 τοῦ
512 994 819 1091 προβληθέντοςσοι
844 1012 954 1087 λίθου,
976 1006 1076 1090 βάρος
1099 1005 1229 1090 ψυχρά·
1397 992 1401 1015 ¹

128 1130 205 1188 τητα
226 1107 341 1190 χρῶμα
365 1113 465 1191 μῆκος
488 1106 603 1185 πλάτος
623 1112 679 1173 κατ’
697 1108 815 1191 βάθος,
838 1108 893 1172 κου’
912 1101 970 1173 ὅσα
991 1112 1121 1173 τοιαῦτα
1146 1118 1228 1173 νοεΐν
1266 1140 1269 1149 ·

127 1203 195 1289 ἔχει
211 1232 269 1287 τις,
293 1205 429 1289 ἔχοντος.
474 1204 566 1273 dani
584 1214 642 1275 τού
662 1212 821 1292 προτέρου
844 1217 951 1293 χεῖρον
974 1205 1019 1284 εἰς
1043 1208 1186 1273 άτοπιάν.

84 1314 117 1377 io
229 1310 299 1372 Κατ’
311 1310 452 1388 πέμπτον
468 1301 596 1387 άτοπον,
621 1303 670 1375 ὅτι
691 1312 745 1374 καί
765 1314 908 1390 βεβαιοῖς
925 1306 983 1391 την
1003 1306 1061 1393 ση“ν
1083 1309 1294 1389 άμαθιάνιυ

119 1410 181 1470 aad
203 1408 374 1471 πολυθεΐαν
397 1409 451 1472 διά
474 1412 529 1492 τῆς
552 1407 631 1491 πρὸς
653 1406 708 1473 τύν
728 1413 829 1490 μέγαν
853 1405 1049 1473 Ἀθανάσιον
1063 1432 1228 1493 συκοφαν-

125 1511 206 1582 τιάς.
251 1504 305 1569 ἐπὶ
325 1504 386 1591 γάρ
411 1506 443 1571 ἓν
467 1512 580 1584 ἐκεῖνος
602 1507 686 1591 ἔχειν
709 1505 870 1620 φησύ.τη’ν
891 1507 1058 1591 ἀναφοράν
1079 1506 1117 1571 τά
1141 1504 1226 1573 ούτω

92 1654 100 1667 .
124 1604 225 1670 πολλά
246 1608 309 1671 των
333 1607 496 1688 ὀνομάτων
519 1611 656 1689 ἐκείνων,
680 1606 782 1673 εἴτουν
797 1605 853 1693 τὴν
876 1600 1009 1671 ούσίαν·
1052 1604 1091 1671 σύ
1116 1611 1144 1671 d’
1168 1610 1225 1673 ούκ

126 1698 228 1795 ᾔσθου
251 1705 332 1772 κατά
367 1712 506 1773 σεαυτοῦ
539 1712 676 1790 κομίζων
705 1703 740 1773 ὃν
772 1703 853 1794 ύπὲρ
879 1712 1017 1773 σεαυτοῦ
1040 1705 1225 1789 κεκόμικας·
1302 1755 1305 1760 -

81 1817 114 1871 15
127 1803 229 1881 οὕτως
266 1807 396 1892 άμαθης
424 1803 457 1871 εἶ
487 1811 540 1873 κατ’
565 1806 652 1890 μάλα
687 1810 841 1893 άγροῖκσς.
896 1803 964 1873 εἶτα
984 1810 1040 1874 κατ’
1061 1798 1225 1889 άθροισμα

125 1909 284 1989 λέγεικαὶ
305 1909 463 1990 πλήρωμα
487 1908 635 1994 θεότητος
656 1912 758 1975 ταῦτα
781 1913 899 1991 advoc,
923 1908 963 1972 ου’
980 1907 1045 1993 μην
1067 1908 1250 1991 θεοτητων,

123 2010 180 2091 τῆς
202 2008 312 2082 ούσίας
333 2005 498 2092 διαφόρων
519 2006 601 2073 κατά
624 2012 660 2074 σὲ
677 2010 732 2073 κατ’
755 2004 913 2091 αλλήλων.
957 2013 1023 2083 πούς
1044 2006 1102 2093 γάρ
1124 2003 1158 2083 ὃς
1173 2006 1227 2072 tint*

122 2110 156 2173 ἓν
178 2107 260 2172 αύτά
282 2108 338 2193 τὴν
362 2109 531 2193 α’ναφοράν
554 2108 639 2190 ἔχειν
660 2116 749 2195 φησί,
780 2108 900 2195 deludi}
922 2108 980 2193 τῆν
1000 2109 1123 2174 oduino.

213 2202 298 2273 Ἔστι
320 2210 398 2273 adue*
418 2211 542 2286 τούτοις
561 2212 649 2275 ἓιιτον
671 2203 804 2291 άτοπον,
838 2206 887 2275 dn
908 2214 961 2275 καί
982 2206 1038 2273 τόν
1060 2212 1147 2272 θεῖον
1162 2233 1224 2272 συ·
1236 2229 1294 2282 2⁰

78 2315 528 2396 20vocpuvveIcAopuouquu,
551 2310 592 2386 (ὃς
614 2314 781 2395 προϊοῦσιν
797 2310 873 2394 ἡμῖν
886 2308 1046 2395 εἰρήσεται
1066 2312 1121 2373 καί
1144 2309 1224 2373 ου’τύ

122 2411 323 2496 πλατύτερον.
345 2415 554 2498 δειχθήσεται
566 2411 627 2499 γάρ
643 2411 676 2478 τὸ
687 2415 933 2499 χαρακτηρίζειν
947 2414 993 2501 τῷ
1004 2413 1170 2497 διαφέρειν
1179 2407 1225 2494 μή

127 2728 206 2785 etiam
225 2726 377 2793 multarum,
396 2727 464 2780 illud
483 2728 528 2779 hie
545 2743 652 2797 quoquo
680 2743 760 2782 ausus
787 2743 815 2781 es
836 2728 946 2792 dicere,
973 2742 1032 2778 oum
1053 2732 1079 2778 et
1097 2724 1222 2779 substau-

125 2801 176 2851 tias
195 2800 329 2852 essentiae
349 2806 377 2851 et
395 2800 551 2852 divinitates
572 2799 734 2852 substantiae
755 2807 877 2867 expertas
899 2798 1048 2851 venereris.

125 2902 128 2908 '
224 2896 350 2963 Quartum
379 2912 438 2945 cum
469 2904 496 2947 et
520 2896 628 2949 homine
653 2905 679 2949 et
697 2897 787 2964 lapide
807 2894 936 2963 exemplis
966 2893 1048 2945 utaris
1068 2900 1095 2943 et
1109 2900 1224 2944 conten.

122 2968 187 3029 das,
217 2967 360 3019 essentiam
382 2967 571 3034 comprehendi
598 2985 657 3019 cum
677 2970 728 3033 iis,
753 2970 869 3037 quaein
896 2981 928 3016 ea
948 2972 1091 3016 cernuntur
1108 2963 1222 3014 naturali

122 3037 211 3101 modo,
231 3036 415 3103 deprehensus
435 3054 465 3090 es
484 3053 563 3105 porro
585 3042 696 3092 eredens
715 3039 893 3091 accidentium
914 3050 1030 3103 quoque·
1044 3032 1221 3099 eomprehen-

121 3110 225 3161 sionem
244 3123 304 3159 esso
324 3108 397 3161 illam
417 3111 558 3161 essentiam
577 3112 703 3175 divinam,
725 3110 801 3165 velut
819 3107 952 3174 inlepide
970 3122 986 3157 a
1004 3114 1031 3157 te
1050 3106 1157 3168 laetato,
1177 3104 1222 3171 qui
1287 3106 1289 3113 “

122 3181 292 3248 gravitatem,
312 3180 407 3250 frigus,
428 3181 557 3245 colorem,
577 3182 788 3250 longitudinem,
807 3179 973 3231 latitudinem
1001 3176 1221 3243 altitudinemque

122 3260 149 3303 et
168 3266 345 3320 quaeeunque
373 3254 502 3305 eiusmodi
527 3255 641 3322 eogitari
666 3259 792 3320 possunt,
820 3252 961 3313 eontinet,
990 3250 1018 3301 id
1046 3247 1116 3316 quod
1143 3249 1220 3300 etiam

121 3323 200 3390 peius
219 3331 260 3375 est
278 3323 392 3375 stultitia
409 3324 509 3391 priore.

218 3411 253 3462 Et
271 3412 391 3479 quintum
421 3412 529 3464 stultum
557 3412 644 3475 illud,
670 3411 740 3479 quod
768 3412 845 3462 etiam
874 3410 1013 3463 confirmas
1041 3406 1219 3475 ignorantiam

122 3488 193 3531 tuam
215 3489 241 3531 et
259 3482 402 3534 multorum
422 3484 569 3535 doctrinam
595 3484 704 3534 deorum
730 3482 906 3549 perversione
931 3483 1061 3533 dictorum
1080 3476 1220 3532 Athanasii

123 3552 222 3617 magui.
258 3553 291 3604 ad
309 3568 389 3604 uuum
409 3556 479 3605 euim
503 3553 553 3607 ille
573 3555 637 3618 dicit
654 3554 751 3605 reterri
777 3552 825 3605 illa
843 3561 883 3606 tot
903 3555 1021 3615 nomina,
1042 3551 1165 3601 nimirum
1188 3546 1220 3597 ad

123 3622 276 3673 essentiam.
314 3632 342 3675 tu
363 3634 451 3676 autem
470 3627 622 3693 imprudens
642 3634 780 3677 contrata
804 3625 917 3677 attulisti
938 3638 1015 3692 quem
1036 3635 1084 3687 pro
1104 3628 1131 3671 te
1150 3615 1220 3669 alla.

120 3700 196 3743 turus
218 3707 285 3743 eras.
321 3702 373 3745 tam
395 3697 467 3747 rudis
499 3712 527 3748 es
549 3706 575 3749 et
594 3696 673 3750 valde
698 3696 824 3749 incultus.
868 3696 965 3748 deiude
994 3701 1020 3744 et
1039 3690 1174 3741 materiem
1195 3696 1223 3740 et

121 3762 303 3829 expletionem
329 3763 477 3818 divinitatis
502 3767 570 3819 haee
595 3770 652 3835 ipse
682 3770 820 3835 nominat,
844 3782 898 3819 non
927 3773 1014 3817 tumen
1043 3762 1220 3824 divinitatum,

119 3848 188 3901 quae
206 3832 239 3885 ab
260 3835 387 3899 essentia,
406 3844 434 3887 ut
452 3844 481 3889 tu
500 3839 552 3901 vis,
574 3847 600 3890 et
619 3840 688 3891 iuter
707 3856 738 3891 se
756 3840 888 3902 dilleraut,
908 3836 1039 3904 quomodo
1068 3834 1137 3885 enim
1157 3831 1221 3885 talia
1315 3864 1320 3871 -

118 3906 209 3958 dicere
230 3906 325 3970 possit,
344 3906 389 3971 qui
407 3907 439 3957 ad
458 3921 537 3958 uuum
556 3908 604 3961 illa
622 3910 718 3962 reierri
738 3911 814 3975 dicit,
833 3909 954 3959 nimirum
974 3907 1006 3958 ad
1026 3906 1177 3957 essentiam.

228 3999 276 4051 Est
295 4006 382 4050 autem
401 4006 541 4065 praeterea
560 4012 662 4055 sextum
683 4004 792 4057 stultum
812 4001 895 4065 illud,
922 4001 993 4071 quod
1017 4000 1134 4052 diviuum
1154 4011 1224 4064 quo.

135 4086 188 4140 que
218 4071 368 4122 crimineris
386 4068 589 4136 damascenum,
616 4077 687 4141 quud
712 4084 739 4132 et
767 4076 853 4142 ipsum
872 4072 977 4139 planius
996 4088 1011 4123 a
1028 4070 1105 4123 nobis
1134 4074 1228 4133 postea

117 4142 250 4213 aliperus.
294 4141 517 4207 demonstrabitur
537 4143 797 4215 euim-significuus
818 4152 844 4197 et
871 4144 978 4201 differre
996 4156 1051 4217 uun
1071 4154 1130 4200 esse
1149 4137 1227 4209 idem,
