3017 4759
196 237 419 304 ursaonae
443 216 701 306 anzimunm
717 243 840 306 xxxv.
863 225 1049 310 tss-tt.
1107 225 1181 311 ist

69 397 199 487 τροπήν
222 404 299 466 ποθ’
328 397 495 490 ῦπαμένειν
526 400 678 486 ἡντινοῦν.
732 405 761 467 εἰ
781 401 843 489 γάρ
863 401 909 488 μὴ
927 404 1012 470 τοῦτ’
1037 401 1096 490 εἴη,
1116 431 1181 470 κω-

77 501 175 567 λύσει
194 503 257 567 τιῦν
279 501 405 566 πάντων
426 501 517 574 οὐδέν
539 501 620 590 πράς
645 491 794 586 ἀσέβειαν
820 504 905 586 ἔχειν
926 505 1108 591 έπιρρεπιῦς
1131 507 1183 572 rtet

75 602 135 668 scal
164 603 285 688 νύκτωρ
318 604 374 668 καί
394 607 469 685 μεθ
499 603 623 689 ἡμέραν
650 609 834 669 κλονεῖσθαι
853 607 916 670 καῖ’
931 608 1182 692 περιτρέπεσθαι

75 703 183 768 πάντα
204 703 284 781 τινά,
308 704 455 789 καθάπερ
483 704 710 790 ἀνερμάτιστον
733 707 857 791 σκάφος
878 707 930 792 ἐφ’
952 703 1059 792 ῦγροῦν
1081 707 1180 771 άστα-

47 807 195 891 5τούσης
228 808 396 893 θαλάσσης
429 809 578 893 κυμάτων
597 810 864 890 ταλαντευόμενον
896 810 949 894 ἐφ’
971 802 1104 893 ἑκάτερα
1126 805 1182 870 καὶ

77 908 248 984 παντοιάις
270 909 395 991 άνέμων
425 919 536 986 πνοαῖς
560 909 712 994 άγάμενέν
731 932 765 972 τε
793 901 849 972 καὶ
870 909 1045 994 φερόμενον
1075 914 1180 992 πλημ-

76 1009 196 1091 μελῶς.
239 1007 319 1073 κατά
337 1007 399 1095 γάρ
422 1003 475 1076 nii
504 1009 605 1096 μέγαν
626 1010 815 1087 Βασίλειον,
842 1007 938 1085 εἴτις
962 1010 1246 1092 άβασανάστωςΙῙ

78 1109 238 1194 προσέχει
261 1119 327 1188 τοῖς
347 1112 524 1198 γράμμασι,
549 1113 629 1196 πρὸς
647 1099 843 1194 Ἑλληνικούς
858 1133 892 1174 τε
913 1110 969 1175 καί
989 1104 1184 1184 Ἰοαιλαῖκοῦς
1208 1143 1211 1148 -

79 1207 167 1292 ὁμοῦ
186 1212 241 1278 καὶ
261 1204 417 1298 γραὲάύεις
437 1213 564 1295 μύθους
594 1211 843 1296 ἐκτραπήσεται,
872 1210 928 1275 κατ’
950 1209 1076 1291 πτωχὸς
1100 1233 1183 1273 παν-

32 1314 261 1388 1οτελιῦςιταῦν
285 1313 381 1392 άξέων
411 1314 486 1398 περὶ
513 1314 591 1376 θεοῦ
622 1313 789 1396 νοημάτων
821 1311 1046 1396 καταγηράσει.
1102 1307 1186 1373 ἀλλά
1271 1379 1277 1388 „

77 1415 126 1500 τῷ
149 1437 185 1499 γε
208 1417 339 1478 διπλοῦν
359 1438 392 1478 τε
422 1414 477 1478 καί
505 1414 654 1478 σύνθετον
677 1411 819 1496 ἀκριβοῦς
846 1413 900 1476 τὸν
923 1410 1065 1496 Χριστὸν
1086 1412 1183 1494 ἔγνω

81 1515 150 1578 κάτι
174 1514 233 1596 μέν
253 1516 286 1578 ἐκ
304 1515 367 1578 ταῦν
378 1516 495 1578 θεϊκοῦν
506 1514 561 1576 νῦν
575 1515 602 1576 d'
615 1511 649 1574 ἐκ
667 1515 730 1576 τῶν
746 1511 959 1596 ἀνθρωπίνων
973 1558 995 1573 ..
1006 1507 1186 1594 ..ύηλούσης

80 1610 115 1678 ri
140 1613 399 1698 συναμφότερον,
431 1611 468 1675 ού
497 1609 579 1696 μέγα
602 1608 695 1696 ἔργον
723 1608 765 1674 τά
783 1611 843 1691 μέν
863 1606 975 1693 ῦψηλά
996 1611 1037 1695 τῇ
1057 1608 1184 1692 θεάτητι

81 1711 211 1796 νέμειν,
239 1710 280 1776 τά
311 1717 339 1777 d’
361 1711 524 1799 ὑφειμένα,
545 1713 586 1798 τῇ
621 1710 857 1796 άνθρωπάτητι·
912 1711 968 1775 καί
989 1708 1064 1775 ῦταν
1086 1707 1183 1798 άγούη

37 1811 184 1896 15“σάρ“ξ
204 1836 237 1878 τε
259 1809 277 1877 ῦ
298 1813 390 1898 λόγος
412 1812 549 1898 ἐγένετο”
568 1813 624 1878 καί
642 1807 737 1887 αύθις
755 1810 882 1898 ιιάλέγαι
904 1811 1032 1898 ῥανίδες
1052 1812 1185 1895 αἵματος

83 1917 164 1977 θεοῦ
181 1915 300 1996 κύαμον
322 1912 394 1979 άλον
417 1912 581 1998 ῦγιασαν,”
613 1911 649 1978 ού
669 1912 849 1998 μεταβολὴν
869 1913 944 1978 αι’ύὲ
962 1911 1082 1999 τροπὴν
1103 1911 1185 1988 ῦλως

83 2013 285 2100 ὑπολήψεται
319 2016 375 2098 τῆς
408 2015 565 2099 θεότητος.
618 2015 685 2080 οὗθ’
716 2013 767 2081 ὅτε
795 2017 874 2079 θεοῦ
905 2015 975 2081 υἱὸν
1004 2016 1111 2080 άκούει
1130 2013 1250 2091 τύνη
1330 2052 1337 2070 ι

87 2112 269 2200 ἄνθρωπον,
292 2119 362 2202 θεῷ
385 2114 523 2203 φυσικὴν
555 2117 696 2202 έννοήσει
728 2115 785 2202 τὴν
812 2116 897 2180 κάτω
930 2118 1083 2201 γέννησιν.
1130 2116 1186 2180 aar*

84 2214 148 2300 μὴν
170 2213 244 2280 αῦύὲ
262 2220 515 2302 μεταμόρφωσιν
533 2218 670 2295 άκούσας
690 2225 757 2293 τοῖς
778 2220 841 2281 τεῦν
860 2217 1078 2299 εἰκανομάχων
1099 2215 1184 2282 ῦπα-

38 2327 76 2384 20
84 2317 243 2402 χθησεται
257 2316 382 2402 λέγοις·
395 2314 477 2382 ὥστε
493 2317 672 2402 μεταβολὴν
688 2318 743 2382 καὶ
764 2315 884 2403 τροπὴν
897 2315 1016 2401 σαρκὸς
1029 2319 1075 2393 εἰς
1097 2313 1184 2382 rixar-

87 2442 160 2484 στον
181 2417 392 2502 ἐννενοηκέναι
414 2419 549 2504 θεάτητα
573 2416 592 2503 ἢ
614 2420 763 2505 θεότητος
783 2418 1000 2503 μετονσέωσιν
1024 2421 1069 2495 εἷς
1090 2415 1184 2505 ῦφει-

85 2517 182 2603 μένην
203 2519 258 2584 καί
282 2520 496 2587 ἀνυπόστατον
521 2519 616 2608 ἄλλην
640 2524 696 2588 καὶ
716 2522 864 2587 άνούσιαν
880 2522 1016 2606 θεύτητα
1037 2517 1186 2586 κατάτόν

87 2622 263 2702 Παλαμῦν.
277 2619 305 2684 εἰ
321 2621 356 2686 δὲ
367 2625 458 2688 τοῦθ
468 2621 560 2702 οὕτω,
575 2624 684 2710 πολλῷ
695 2625 819 2706 μᾶλλον
833 2621 902 2687 οὐδ’
917 2619 968 2688 ῦτε
981 2621 1075 2700 tiras
1089 2619 1184 2684 άκού-

87 2952 227 3006 riatioaem
255 2960 300 3004 aut
324 2951 496 3003 mutationem
523 2951 605 3005 ullam
623 2952 743 3008 subesse.
795 2950 917 3019 quodsi
944 2965 999 3002 aon
1018 2959 1099 3016 esset,
1117 2950 1186 3004 nibil
1233 2963 1237 2970 ’

90 3025 193 3075 omniuo
213 3021 361 3088 impediret,
382 3024 521 3089 quominus
540 3025 571 3076 ad
590 3025 752 3091 impietatem
780 3023 960 3089 propenderet
980 3030 1006 3074 et
1025 3021 1069 3073 diu
1087 3032 1186 3075 noctu.

91 3111 141 3163 quc
160 3093 377 3145 circumferretur
397 3104 423 3145 et
441 3096 594 3156 lactaretur,
614 3105 643 3147 ut
661 3095 747 3146 inania
766 3093 845 3146 nauis
868 3095 1016 3146 aestuantis
1035 3095 1114 3144 maris
1134 3094 1187 3146 du.

90 3165 173 3218 ctibus
203 3166 255 3216 hoc
281 3164 348 3215 illuc
368 3167 464 3216 iactata
493 3174 520 3218 et
537 3166 626 3218 multis
646 3167 733 3218 uentis
753 3170 852 3234 agitata
878 3172 904 3216 et
923 3166 951 3216 iu
970 3166 1116 3232 perniciem
1135 3167 1188 3217 du.

91 3245 140 3289 cta.
178 3237 284 3300 etenim,
307 3243 337 3286 ut
357 3238 394 3288 ait
414 3253 525 3306 magnus
544 3236 676 3301 Basilius,
706 3237 807 3306 siquis
836 3236 988 3288 temeread
1007 3237 1187 3303 scriptandi.

90 3323 156 3360 mum
176 3306 306 3372 attulerit,
323 3308 355 3359 ad
372 3308 532 3362 Graecorum
557 3309 766 3378 indecorumque
789 3305 892 3359 tabulas
911 3309 1053 3374 perveniet
1072 3317 1099 3360 et
1118 3323 1188 3375 ege.

89 3395 138 3432 nus
156 3379 236 3446 digna
256 3379 299 3429 dei
319 3381 476 3449 cognitione
495 3381 622 3432 senescit.
661 3381 708 3431 aed
727 3380 763 3443 ci,
783 3381 828 3448 qui
848 3379 983 3446 duplicem
1003 3387 1031 3430 et
1048 3381 1187 3446 composi.

90 3459 141 3502 tum
160 3466 193 3502 cx
212 3451 304 3501 divino
327 3460 353 3503 et
381 3452 493 3503 humano
513 3451 688 3518 compositum
709 3451 841 3505 Christum
866 3450 1023 3515 intellexit,
1045 3466 1100 3503 nou
1128 3465 1187 3500 ma.

91 3537 167 3590 gnum
186 3536 253 3587 opus
273 3527 329 3584 est,
348 3524 457 3589 grandia
477 3523 568 3576 deitati
588 3521 723 3588 tribuere,
741 3523 830 3574 intima
849 3522 1013 3574 humanitati.
1052 3529 1078 3572 et
1094 3522 1118 3572 si
1136 3535 1188 3571 au.

90 3593 168 3645 dierit
186 3605 265 3643 “caro
285 3593 381 3644 iactum
401 3602 441 3646 est
458 3595 597 3658 verbum,”
617 3603 644 3646 et
662 3609 753 3648 rursus
774 3593 937 3645 unonnullae
949 3593 1033 3644 diuini
1050 3589 1187 3658 sangoinis

91 3671 179 3732 guttae
197 3664 349 3715 universum
366 3666 489 3717 muudum
510 3666 654 3719 sanarunt'’
679 3681 733 3717 noo
756 3667 929 3717 mutationem
948 3671 993 3715 aut
1011 3663 1187 3714 variationem

92 3736 195 3788 omnino
214 3734 320 3788 deitatis
340 3751 400 3786 esse
419 3738 547 3790 coniiciet
563 3754 615 3790 uec
637 3737 682 3788 ubi
708 3737 751 3789 dei
769 3737 853 3789 lilium
870 3735 944 3786 audit
962 3749 1023 3786 esse
1042 3733 1186 3798 homiuem,

93 3808 140 3860 deo
165 3805 310 3858 naturalem
338 3807 422 3859 foisse
447 3810 578 3877 originem
597 3808 741 3876 intelliget.
787 3809 849 3876 quin
872 3807 951 3856 etiam
974 3806 997 3856 si
1025 3805 1058 3857 de
1077 3805 1187 3856 transii.

93 3878 229 3946 putatione
248 3879 372 3941 audierit,
391 3894 446 3931 non
465 3880 698 3932 iconomachorum
718 3877 798 3932 dictis
816 3878 975 3943 decipietur,
994 3877 1032 3927 ita
1050 3885 1079 3928 ut
1097 3886 1187 3928 muta.
1252 3913 1257 3925 .

93 3952 194 4002 tionem
209 3955 235 4001 et
253 3951 427 4001 variat10uem
450 3947 536 4002 calais
555 3953 583 4003 in
602 3953 746 4004 increatam
758 3953 883 4003 deitatem
897 3949 1042 4017 intelligat,
1061 3955 1106 4000 aot
1125 3950 1187 4000 dei.

95 4022 153 4072 tatis
172 4019 493 4074 transsubstantiationem
514 4023 541 4074 iu
561 4025 707 4076 subiectam
728 4030 755 4073 ct
774 4021 1002 4073 insubstantialem
1027 4020 1139 4072 alteram
1160 4026 1187 4070 et

93 4091 288 4146 inessentialem
307 4093 431 4144 deitatem
446 4095 589 4147 secandum
601 4093 740 4148 l’alamam.
778 4094 848 4161 quod
867 4095 890 4144 si
907 4093 944 4145 ita
964 4101 1013 4155 est,
1033 4089 1117 4142 molto
1134 4091 1187 4141 mi-

93 4177 141 4218 uus
158 4162 202 4217 uti
224 4162 337 4236 pluriam
356 4164 462 4221 deitatis
481 4165 589 4238 paulum
619 4163 779 4237 subapertue
797 4171 843 4218 sut
861 4164 1044 4220 mimdicatas
1061 4161 1185 4226 audierit,
1219 4232 1224 4245 ¹
