3017 4759
457 167 473 202 Ι

338 231 414 310 tna
522 293 523 298 a
642 247 868 319 armanum
900 199 1132 314 camolla

265 389 269 400 ι
339 411 513 496 ἐπιστήμην
543 411 621 498 μήτε
651 411 745 476 θείαν
778 409 848 495 μήτ’
883 411 1108 496 ἀνθρωπίνην,
1142 411 1220 497 μήτε
1244 407 1345 496 λύγον
1365 406 1455 489 ἐχειν

340 511 453 579 ούδὲνα
476 515 577 599 λέγειν
596 541 627 579 τι
647 517 708 578 τῶν
729 508 827 580 ὄντων
857 511 1002 594 ἀνούσιην
1023 511 1148 600 ὅρατύν.
1197 513 1308 578 καίτοι
1332 513 1453 588 ἐκεῖνος

245 661 249 672 ·
338 623 397 706 μὲν
418 615 540 684 κτιστύν
562 615 661 706 λέγων
688 613 765 680 θεὸν
794 611 880 697 ὅμως
916 611 1032 699 δρατύν
1061 612 1116 679 οάκ
1143 613 1287 698 ἐδυνήθη
1313 636 1451 698 προσει

339 730 426 788 πεῖν·
480 717 652 804 ύπέρτερον
677 714 738 802 γὰρ
768 719 831 780 τῶν
857 716 1027 801 ἀγγελικῶν
1062 715 1177 780 οὐσιῶν
1199 714 1450 800 ἀποφηναμένη

339 823 376 888 ού
398 823 482 907 μέντ’
508 815 546 884 ἀν
565 817 652 904 αύτῷ
675 815 809 882 δυνατὸν
837 815 946 881 ἔπειτα
971 811 1020 901 ἦν,
1051 815 1197 900 ἀοράτων
1225 815 1362 880 ἐκείνων
1397 811 1449 875 ού-
1456 834 1469 886 5

339 928 413 1001 σῶν,
436 919 554 1008 ἀρατὸν
573 917 668 983 αύτὸν
698 917 909 1004 δογματάιαι·
961 919 1127 998 Παλαμάς
1156 917 1191 980 δὲ
1210 914 1268 980 καί
1290 916 1448 1000 συλλογί-

338 1029 463 1091 σασθαι
481 1020 649 1105 τετόλμηκε
669 1018 710 1084 τοὶ
731 1018 954 1103 ἀσυλλόγιστα,
974 1017 1030 1082 καί
1062 1017 1249 1103 ἐξηρεύξατο
1270 1015 1316 1080 τά
1340 1015 1448 1100 ἀσύμ-

335 1125 436 1210 βλητά
456 1147 489 1186 τε
510 1121 564 1186 καί
584 1117 629 1199 ῶς
653 1121 770 1186 ἐπίπαν
800 1119 989 1204 ἀσύμφωνα,
1019 1117 1057 1181 ού
1080 1116 1161 1183 κατὰ
1181 1118 1355 1204 ποιητικήν
1377 1142 1448 1181 τινα

335 1229 397 1290 τῶν
419 1223 563 1310 θύραθεν
597 1219 728 1298 ἄδειαν,
762 1219 845 1285 ἀλλά
871 1218 952 1284 κατὰ
975 1219 1208 1304 ἀνεπιστήμονα
1237 1218 1446 1302 Παλαμικην

297 1329 301 1335 ’
337 1324 531 1390 αὐθάδειαν·
575 1317 644 1386 ούτε
665 1321 726 1408 γὰρ
752 1319 857 1387 ούδενί
875 1324 938 1386 τῶν
958 1320 1103 1406 θύραθεν
1118 1324 1228 1406 σοφῶν
1251 1318 1379 1386 πώποτ’
1404 1320 1473 1396 εἰςιι

335 1429 409 1492 νούν
427 1426 555 1509 τοιαύτη
576 1449 623 1501 τις
642 1421 765 1508 ἠνέχθη
776 1413 934 1509 τερατεία,
956 1419 1026 1487 ούτε
1040 1419 1104 1506 μὴν
1125 1423 1309 1509 βαρβάρων
1336 1420 1444 1502 ἔψαυ-

336 1529 373 1594 σέ
393 1551 475 1604 τινος
496 1525 648 1610 λογισμοῦ
670 1523 838 1610 τηλικαύτη
858 1525 968 1610 μωρία
985 1523 1085 1608 μέχρι
1107 1523 1162 1587 καί
1178 1522 1354 1607 τήμερον*
1381 1522 1443 1585 λεί-

336 1651 428 1692 πεται
450 1622 505 1692 ούν
523 1628 678 1697 ἐνταυθοῖ
704 1624 882 1711 γενομένοις
908 1625 963 1690 καί
985 1623 1062 1709 ἡμῖν
1068 1673 1079 1701 ,
1107 1625 1215 1709 σιωπῇ
1244 1620 1285 1685 τὰ
1310 1624 1444 1686 τοιαῦτα

335 1727 590 1812 βδελυξαμίνοις,
611 1724 708 1811 ἀκοὴν
735 1728 961 1812 παραδραμεῖν
983 1724 1128 1809 μανιῶδη
1156 1722 1212 1790 καὶ
1246 1724 1443 1806 δυσσεβείας

335 1827 461 1914 νιστύι·
1450 1848 1470 1898 ο

270 1935 324 1988 81
419 1929 509 2016 Περί
522 1921 650 2010 μὲνούν
670 1923 787 1992 rodim
804 1929 919 2014 φῶςὲν
933 1922 1076 1992 ἀκτιστύν
1095 1922 1211 2010 ἐστινὴ
1223 1926 1287 2007 μία
1310 1925 1372 1991 καί
1381 1953 1441 2008 μα-

334 2029 431 2116 καρία
446 2030 500 2094 καί
517 2026 661 2114 ποιητικὴ
677 2031 739 2093 τῶν
757 2035 824 2112 μετ’
845 2027 941 2114 αὐτὴν
961 2028 1110 2094 ἀπάντων
1126 2025 1239 2111 θεύτης
1250 2024 1273 2111 ἦ
1283 2027 1442 2111 τρισυπύ-

335 2155 455 2210 στατος,
477 2128 516 2216 ἢν
532 2130 636 2210 ούδείς
649 2127 712 2196 ούί
726 2125 808 2196 εἶδεν
823 2125 886 2195 οὔτ’
901 2132 981 2195 ἰδεῖν
996 2125 1187 2206 δύναται,τά
1209 2131 1246 2193 δὲ
1258 2135 1334 2212 μετ’
1347 2127 1442 2212 αύτην

278 2260 282 2270 ’
337 2233 439 2298 πάντα
457 2233 575 2311 κτιστά,
594 2234 650 2298 καί
670 2230 719 2298 ὅτι
739 2229 837 2318 ὁρατὴ
849 2233 908 2315 μὲν
922 2232 1099 2318 θεοφάνεια
1113 2229 1237 2315 λέγεται
1253 2236 1327 2308 τοῖς
1341 2227 1442 2314 οἶγίοις

213 2333 356 2418 ωηο..ῖί
380 2358 413 2398 τε
435 2332 516 2420 σάρξ
537 2335 593 2398 τού
613 2336 727 2421 κυρίου
747 2333 803 2398 καί
821 2330 856 2396 τύ
878 2335 911 2398 ἐν
931 2335 978 2420 τῷ
993 2333 1154 2418 Θαβωρίηι
1176 2331 1280 2396 πύλαι
1303 2335 1355 2420 τῷ
1376 2326 1469 2413 ὄρειοι

333 2435 543 2521 περιλάμψαν
557 2433 591 2498 τύ
605 2436 660 2498 τού
678 2435 793 2520 κυρίου
806 2434 979 2520 πρόσωπον
990 2435 1069 2519 φῶς,
1082 2431 1118 2495 ού
1128 2431 1192 2516 μὴν
1206 2428 1356 2503 ἀκτιστοι
1368 2433 1441 2496 θεύ-

332 2556 428 2618 τητες,
448 2535 504 2599 καί
529 2531 576 2600 ὅτι
599 2537 639 2598 δι’
663 2534 767 2598 αύτῶν
786 2534 987 2621 παρεδείχθη
1009 2533 1069 2616 μὲν
1092 2531 1148 2595 ούιι
1172 2533 1313 2618 ἐδείχθη
1337 2536 1367 2598 δ’
1390 2527 1440 2597 onis

334 2879 467 2950 puerilem
492 2881 624 2934 inscitiam
651 2887 681 2933 nt
705 2879 938 2934 insubstantialem
965 2879 1101 2933 risibilem
1126 2878 1272 2933 nominarit
1299 2882 1436 2937 deitatem.

333 2967 422 3022 neque
455 2951 525 3004 enim
554 2968 614 3005 esse
639 2953 672 3004 ad
697 2952 865 3020 disciplinam
888 2967 940 3004 uec
963 2952 1080 3006 divinam
1106 2967 1196 3021 nequa
1221 2951 1369 3006 humanam
1389 2972 1437 3009 nee

334 3039 440 3077 eausam
460 3040 519 3076 esse
538 3023 620 3076 nllam
640 3040 687 3076 cur
705 3023 809 3093 aliquid
828 3039 862 3075 ex
880 3024 913 3076 iis
932 3040 1002 3092 qnae
1019 3031 1082 3078 snut
1100 3023 1307 3076 insubstantiale
1330 3027 1436 3080 visibila

333 3097 492 3148 nominaret.
514 3091 541 3147 at
553 3096 680 3164 quamvis
693 3095 743 3148 ille
763 3103 879 3147 creatum
899 3095 1001 3147 diceret
1019 3096 1105 3158 deum,
1125 3103 1214 3152 tamen
1225 3096 1368 3149 visibilem
1385 3115 1434 3150 uon

333 3174 440 3235 poterat
458 3167 565 3218 addere.
584 3169 750 3234 superiorem
771 3169 841 3218 enim
861 3165 992 3234 angelicis
1011 3167 1134 3218 essentiis
1160 3182 1239 3235 quum
1259 3167 1435 3233 declarasset,

332 3237 409 3290 nullo
428 3245 502 3288 certe
520 3238 617 3302 modu,
635 3254 714 3306 quum
739 3237 805 3289 illae
832 3236 985 3290 invisibiles
1015 3239 1069 3290 sint
1089 3253 1148 3288 enm
1168 3237 1308 3290 visibilem
1327 3241 1433 3292 docere.

333 3308 453 3362 Palamas
482 3317 679 3376 argumentatus
708 3317 749 3361 cst
772 3310 805 3361 de
835 3310 870 3362 iis
891 3324 960 3376 qnae
985 3309 1018 3360 ab
1044 3309 1209 3378 argumentis
1235 3308 1388 3364 abhorrent
1411 3320 1435 3364 et

334 3379 468 3432 ernetavit
485 3379 598 3431 obscura
620 3389 646 3432 et
666 3381 775 3448 inepta,
794 3395 848 3431 nou
865 3381 897 3431 ad
918 3382 1051 3448 poeticam
1071 3379 1199 3449 quandam
1218 3379 1372 3447 licentiam,
1391 3385 1435 3435 ced

332 3451 365 3503 ad
384 3451 531 3518 imperitam
550 3450 671 3502 l'alnrme
691 3453 875 3504 temeritatem.
895 3453 994 3504 nemini
1015 3453 1085 3504 enim
1105 3452 1276 3518 profanorum
1295 3453 1434 3506 domurn·

333 3537 449 3590 unquam
476 3523 504 3573 in
533 3530 647 3574 mentem
675 3525 752 3575 veuit
780 3523 843 3575 talis
874 3523 1019 3576 ostentatio
1049 3539 1138 3592 neque
1166 3523 1234 3589 apud
1260 3524 1433 3580 barbarorum

334 3609 491 3664 quamquam
513 3593 574 3645 talia
595 3595 797 3662 argumentandi
815 3595 926 3647 inventa
945 3601 986 3646 est
1003 3609 1089 3663 usqne
1108 3595 1141 3646 ad
1161 3594 1232 3646 hunc
1250 3597 1335 3648 diem.

395 3721 410 3737 s
431 3681 526 3733 Restat
544 3681 643 3749 igitur,
664 3688 693 3733 nt
710 3695 760 3732 uos
780 3681 826 3750 qni
849 3680 901 3732 hnc
925 3683 1096 3748 pervenimus
1114 3679 1225 3734 silentio
1242 3681 1312 3733 talia
1330 3684 1434 3736 aneni.

332 3769 427 3805 uemnr
444 3760 472 3802 ct
490 3755 636 3804 orationem
655 3760 820 3805 transeamus
833 3755 959 3804 insanam
981 3760 1007 3804 et
1028 3753 1171 3820 impietatis
1190 3752 1300 3820 plenam
1348 3755 1433 3808 lucem

332 3825 416 3892 igitur
434 3839 514 3875 unam
533 3823 606 3875 illam
630 3825 775 3876 increatam
802 3839 862 3875 esse
888 3824 993 3879 benum
1018 3831 1045 3875 et
1063 3831 1211 3875 ceterarum
1230 3824 1350 3877 omnium
1370 3843 1433 3894 pro.

334 3895 492 3946 creatricem
511 3894 634 3947 deitatem
653 3895 737 3948 tribus
768 3896 891 3964 personis
913 3903 1078 3949 constantem
1100 3911 1177 3965 quam
1199 3909 1280 3947 nemo
1299 3898 1372 3949 vidit
1385 3913 1432 3949 aee

269 3984 271 3988 ’
333 3965 452 4036 potuerit
470 3965 573 4018 videre.
610 3975 699 4018 cetera
717 3975 805 4019 autem
830 3972 937 4033 praeter
964 3966 1038 4018 illam
1059 3982 1118 4018 esse
1142 3973 1232 4018 creata
1251 3974 1279 4018 et
1296 3968 1432 4020 visibilem

334 4051 395 4090 esse
413 4036 654 4089 manifestationem
673 4038 806 4090 nominari
826 4053 841 4088 a
860 4039 1100 4102 amnemamnem,
1119 4036 1262 4106 lucemque
1282 4053 1354 4106 qnae
1372 4039 1433 4092 olim

330 4109 362 4160 iu
383 4116 472 4163 moute
491 4108 595 4161 Thabor
613 4109 711 4160 domini
731 4109 827 4163 laniem
852 4110 1034 4174 circumdedit,
1053 4116 1128 4161 certe
1146 4122 1200 4160 nou
1218 4111 1355 4162 mereatu
1374 4111 1434 4163 dei.

311 4186 420 4246 tates,
452 4188 478 4232 et
505 4180 645 4233 indicatam
666 4181 700 4232 iia
721 4196 800 4246 esse,
818 4195 873 4232 non
891 4181 1085 4235 maniiestatarn
1103 4181 1209 4232 unicam
1226 4179 1301 4234 illam
1323 4183 1431 4236 iuncea.
