3017 4759
205 210 207 223 ·
240 229 242 233 ·
273 188 318 263 12
487 248 498 275 ,
568 192 792 265 Nicoefloal
823 193 1054 261 GREGORAE
1223 243 1238 273 .
1263 245 1265 250 -

1218 282 1239 321 ο

270 363 332 425 ναόν
354 359 474 425 Λίνδον
494 351 653 441 Ἰηλνοοόν
671 378 704 419 τε
728 354 784 419 καί
803 350 981 438 ἀργινόεντα
1006 346 1255 439 aspernanda
1275 354 1372 439 ήτοῦ

271 460 507 545 Μελησιγενοός
526 451 665 539 Ὀμήρου
681 460 841 541 μέμνηται
858 451 1034 541 Καλλιόπη.
1058 459 1220 542 πρόσοικοι
1241 460 1268 521 δ’
1284 450 1371 541 ήσαν

250 564 308 648 ’νή
328 560 422 649 νήσιρ,
444 558 478 625 τό
497 565 640 623 πλεῖστον
654 559 760 642 εἰπεῖν,
780 557 943 644 όμόφολοί
955 582 987 622 τε
1009 558 1084 643 ήμῖν
1106 562 1163 622 καί
1185 556 1240 643 τήν
1261 566 1369 623 πίστιν

267 656 456 747 όρθόδοξοι,
478 662 543 725 ’κατ’
573 658 673 746 ταύτῃ
694 656 730 744 δή
767 660 804 747 τῇ
832 662 905 723 καθ’
939 661 1020 743 ήμόις
1046 658 1171 726 Ἑλλάδι
1207 656 1369 743 χρεόμενοι

269 765 378 849 φωνή·
421 763 531 837 παῖδες
553 760 614 843 γάρ
638 764 701 827 είοι
722 764 785 825 ναόν
810 760 848 823 ov’
871 759 952 825 πάνυ
982 759 1042 844 πρό
1065 762 1189 843 μακροῦ
1211 758 1398 841 τεθνηκό-5

266 886 329 925 των
352 863 476 925 ἐκείνων
500 863 646 985 α’νδραῖγ,
681 861 715 925 οἳ
734 868 875 925 ’πλείστα
896 862 954 942 μὲν
977 861 1189 947 ἠγωνίσαντο,
1212 864 1369 934 Λατίνοις

252 960 443 1043 μαχόμενοι
466 958 615 1045 τριήρεοί
629 985 662 1025 τε
680 987 732 1039 και
756 956 860 1036 ὅπλοις
882 959 1079 1042 παμπόλλοις
1104 959 1160 1045 τήν
1182 960 1334 1047 ε’φοδον
1318 963 1367 1023 επ’

146 1063 166 1119 l
184 1064 257 1120 9lb
268 1061 385 1136 αότοός
406 1066 616 1142 ποιουμένοις,
639 1065 662 1102 “
677 1063 860 1148 ἡττήθησαν
876 1065 911 1127 δὲ
932 1065 973 1125 δι’
986 1060 1152 1148 ὀλιγότητα
1169 1065 1223 1127 καί
1244 1058 1370 1125 όπειό-

229 1182 231 1185 ·
265 1186 398 1247 γησαν
399 1182 533 1240 ακοντες.
583 1187 628 1226 ων
656 1159 730 1227 όνιοι
764 1165 822 1227 κοῖν
854 1164 949 1246 γήραι
985 1159 1122 1240 ζιόσιν”
1102 1186 1147 1225 ετι
1168 1166 1285 1244 βαθει,
1310 1165 1367 1245 τῆς

267 1267 340 1347 πρίν
359 1285 391 1325 τε
416 1260 622 1343 εόδαιμονίας
644 1266 696 1329 ιίεί
717 1269 922 1348 μεμνημένοι,
945 1262 999 1328 καί
1020 1262 1159 1347 διήγημα
1183 1264 1284 1327 ταῦτα
1301 1270 1366 1337 τοῖς
1379 1266 1415 1318 10

265 1365 417 1448 παριοῦσι
439 1364 501 1425 τῶν
527 1364 622 1441 ξένων
649 1360 710 1447 ήδό
738 1368 963 1448 προτιθέντες,
985 1366 1018 1429 οἳ
1039 1366 1093 1427 καί
1114 1366 1286 1445 δυστυχεῖν
1306 1367 1367 1444 μέν

266 1489 332 1540 πως
357 1460 463 1546 ἔλεγον
484 1455 533 1526 ότι
552 1463 646 1547 ζυγόν
670 1467 855 1550 ἐλευθερίας
889 1465 1062 1549 ήλλόξαντο
1085 1463 1247 1548 δοόλεισν,
1268 1465 1364 1527 εότυ-

264 1573 334 1647 χιῖν
356 1568 383 1627 δ’
401 1557 516 1645 ἄλλως,
544 1568 702 1646 πολεμίων
720 1568 779 1645 μὲν
803 1559 915 1649 ἥκιστα
938 1564 1058 1643 ἔξωθεν
1073 1568 1214 1648 ἐνοχλεῖν
1232 1562 1277 1648 μή
1305 1566 1365 1627 δα-

265 1668 408 1745 ναμένων
438 1662 495 1748 τήν
516 1669 610 1749 νήοον
631 1663 698 1751 ἔτι,
729 1662 785 1731 όίε
819 1672 880 1732 raia
910 1673 964 1750 τής
985 1663 1082 1749 νήσου
1111 1666 1309 1750 κρατούντων
1330 1670 1364 1731 ἐν

266 1759 374 1839 ὅπλοις
407 1768 462 1849 ζήν
484 1764 661 1847 εἰωθότων,
683 1772 738 1832 καί
766 1763 825 1832 όοα
848 1772 893 1845 εἰς
914 1769 1050 1849 πόλεμον
1080 1766 1234 1853 ἐπεφύκει
1255 1772 1363 1852 ε’πιτη-
1376 1768 1412 1822 15

266 1865 417 1949 δεόματα,
442 1866 497 1932 καί
517 1862 584 1948 όίμοι
606 1869 756 1949 εόνομίας
785 1873 816 1934 ἐν
840 1872 971 1953 α’γοραῖς
1002 1869 1056 1932 καί
1082 1871 1185 1944 δίκαις
1206 1871 1363 1934 ε’πιπολα-

267 1973 380 2053 ζοιισης
402 1972 440 2056 τῇ
461 1966 554 2057 νήσιρ,
579 1973 758 2047 πλεονεξίας
781 1970 922 2055 οίποόσης
942 1965 984 2047 ὦς
1006 1969 1044 2034 τοὶ
1067 1969 1184 2051 πολλά,
1206 1974 1261 2034 καί
1283 1971 1363 2054 πρός

266 2069 388 2146 τούτοις
412 2064 451 2133 εὖ
473 2068 609 2153 ἑχόντων
631 2067 772 2154 κράσεως
793 2071 902 2155 α’έρων
916 2069 1080 2152 λαχόντων
1110 2070 1167 2155 τήν
1188 2075 1294 2156 νῆσον,
1318 2070 1364 2136 ἔτι
1427 2070 1431 2074 ’

266 2195 300 2235 τε
330 2172 465 2256 λιμένων
492 2171 547 2235 καί
577 2178 714 2255 νεωρίων
744 2176 904 2258 παγκάλην
929 2170 1069 2255 ἑχόντων
1101 2172 1158 2255 τήν
1180 2176 1289 2252 θέσιν,
1310 2175 1365 2236 καί
1400 2222 1404 2229 ,

267 2268 385 2346 πάντας
410 2270 487 2353 μετὰ
510 2272 671 2358 ῥαστώνης
691 2263 936 2356 ὑποδεχομένων
950 2270 1025 2348 roris
1040 2269 1233 2357 όθενδήποτε
1252 2276 1364 2357 χρείας
1373 2292 1411 2345 20

266 2374 437 2457 ε’μπορικῆς
468 2373 674 2456 καταίροντας
697 2374 809 2454 ἕνεκα,
842 2372 886 2450 aig
912 2374 1060 2457 γίνεσθαι
1089 2374 1147 2438 »διὰ
1182 2378 1284 2439 ταῦτα
1308 2372 1363 2457 τήν

264 2474 326 2536 ταῖν
349 2475 449 2538 ιόνίων
478 2475 587 2559 χρείαν
620 2470 851 2561 α’φθονωτέραν
882 2476 1045 2549 πλουσίοις
1069 2474 1124 2538 καί
1144 2478 1275 2559 πένησι,
1311 2474 1365 2539 καί

264 2576 342 2658 βίον,
357 2573 579 2660 α’ταλαίπωρον
601 2568 687 2659 όῖγειν
709 2572 783 2650 τοός
807 2578 1052 2660 προσοικοῦντας
1079 2578 1235 2639 ἐντεῦθεν.
1279 2578 1363 2640 εἰδὲ

265 2836 293 2887 in
312 2848 364 2903 quo
386 2848 496 2885 numero
519 2848 579 2885 esse
602 2810 635 2884 eir
648 2832 754 2884 indiciis
773 2831 928 2899 quibusdam
948 2831 1102 2898 suspicabar
1121 2830 1232 2883 Lindum
1249 2829 1363 2897 Ialysum

266 2915 293 2958 et
314 2906 477 2974 splendidam
500 2905 645 2967 Camirum,
666 2919 776 2973 quarum
802 2902 905 2953 urbium
925 2902 1034 2953 llomeri
1051 2901 1226 2971 lllelesigenis
1246 2903 1365 2954 meminit

266 2978 397 3043 Calliope.
425 2976 531 3029 incolae
549 2976 654 3028 insulae
678 2981 763 3026 erant
774 2976 886 3025 maxima
907 2982 1034 3040 exparte
1054 2976 1140 3026 nostri
1161 2974 1305 3042 populares
1320 2981 1364 3023 at.

265 3066 318 3118 que
341 3050 504 3101 orthodoxae
525 3048 597 3111 fidei,
619 3055 763 3115 nostraque
786 3053 893 3097 utuntur
904 3047 1004 3098 Graeca
1025 3046 1127 3113 lingua.
1165 3046 1365 3098 liliienimsunt

265 3122 383 3173 virorum
406 3119 523 3183 illorum,
537 3120 581 3185 qui
603 3117 699 3169 abhinc
716 3133 771 3169 nou
792 3116 920 3185 italougo
938 3125 1059 3184 tempore
1072 3118 1210 3181 interiere,
1233 3127 1363 3185 etquam-

265 3207 342 3259 quam
364 3190 478 3256 plurima
499 3192 642 3241 certamino
665 3190 790 3241 serebant
815 3205 873 3239 cum
897 3190 1007 3252 Latinis,
1028 3190 1073 3257 qui
1094 3189 1246 3240 triremibus
1267 3191 1363 3241 armis.

265 3278 318 3331 que
335 3261 424 3312 multis
448 3277 494 3312 eos
512 3259 719 3325 adoriebantur,
748 3260 783 3311 ob
805 3262 965 3326 paucitatem
986 3269 1074 3311 tamen
1094 3260 1238 3312 inferiores
1260 3261 1362 3312 disces-

265 3349 325 3385 sere
346 3341 373 3382 et
394 3347 453 3383 sese
472 3333 551 3384 inviti
569 3333 719 3385 subiecere.
765 3347 855 3382 eorum
876 3331 999 3382 nonnulli
1018 3333 1196 3399 praegrandes
1224 3341 1287 3383 natu
1315 3332 1363 3382 ad-

265 3405 316 3455 buc
338 3406 366 3453 in
385 3405 454 3455 vivis
469 3411 538 3468 sunt,
556 3406 685 3471 pristinae
700 3403 838 3455 felicitatis
858 3419 990 3471 uunquam
1009 3418 1062 3454 non
1080 3418 1221 3467 memores,
1239 3412 1265 3455 et
1283 3419 1364 3469 pere·
1399 3451 1404 3456 .

175 3498 178 3508 ν
264 3476 365 3544 prinis,
389 3474 434 3542 qui
456 3474 522 3526 illuc
546 3484 684 3528 transeunt
705 3477 825 3527 suaviter
847 3475 913 3526 haec
936 3484 1074 3537 enarrant3
1104 3474 1132 3525 bi
1154 3475 1278 3527 dicebant
1304 3489 1364 3526 sese

265 3547 371 3615 quidem
394 3546 517 3597 infelices
539 3562 619 3611 esse,
644 3549 714 3614 quod
735 3549 826 3615 iugum
849 3547 986 3598 servitutis
1015 3562 1073 3597 cum
1097 3547 1223 3599 libertate
1245 3562 1364 3599 commu.

265 3625 375 3683 lassent,
395 3626 518 3670 attamen
532 3617 732 3685 alioquinbona
749 3620 855 3670 fortuna
873 3620 921 3681 uti,
944 3618 1015 3685 quod
1037 3620 1140 3669 externi
1162 3618 1264 3683 hostes,
1286 3634 1364 3685 quum

264 3689 370 3741 insulae
388 3688 514 3741 domini'
507 3704 534 3739 m
555 3690 634 3742 armis
656 3692 827 3760 studiisque,
841 3704 909 3756 quae
931 3690 963 3740 ad
986 3688 1086 3739 bellum
1104 3690 1249 3756 pertinent,
1269 3691 1364 3742 vivere

265 3762 365 3812 assueti
384 3768 498 3821 essent,
510 3775 564 3811 uon
585 3761 696 3827 amplius
718 3762 846 3815 infestare
868 3759 980 3812 insulam
999 3770 1117 3826 possent,
1141 3769 1167 3811 et
1187 3762 1258 3828 quod
1278 3760 1364 3811 bonae

265 3832 369 3899 leges'
362 3847 389 3881 m
412 3831 477 3883 loris
499 3832 657 3901 iudiciisque
672 3832 776 3884 insulae
794 3840 976 3894 versarentur,
987 3833 1100 3883 avaritia
1116 3840 1206 3882 autem
1217 3833 1273 3884 lere
1284 3831 1364 3883 abes-

264 3910 314 3955 set.
352 3902 403 3953 huc
424 3901 552 3954 accedere
579 3905 649 3971 quod
669 3906 756 3955 sortiti
785 3912 875 3955 essent
898 3902 1029 3966 insulam,
1056 3919 1124 3971 quae
1145 3904 1275 3970 gauderet
1293 3904 1364 3953 bona

265 3974 337 4025 coeli
355 3974 488 4039 temperie
506 3981 533 4023 et
554 3984 677 4040 portuum
699 3991 730 4025 ac
747 3974 884 4026 navalium
906 3973 1070 4039 praeclarum
1088 3974 1200 4025 baberet
1220 3976 1315 4037 situm,
1337 3982 1365 4024 ut

270 4056 361 4099 omncs
384 4044 464 4096 laeilc
487 4045 611 4111 accipere
630 4056 740 4112 possent
760 4048 804 4113 qui
826 4053 989 4096 mercaturae
1011 4046 1151 4097 faciendae
1172 4062 1252 4097 causa
1278 4046 1364 4096 uude.

270 4131 376 4189 cunque
396 4114 562 4175 advenirent.
595 4118 656 4174 iude
675 4119 733 4171 lieri
761 4126 789 4169 ut
810 4133 896 4169 rerum
923 4117 1058 4172 venalium
1081 4117 1193 4171 facultas
1215 4118 1315 4186 largior
1339 4125 1366 4168 et
