3017 4759
286 196 336 281 aa
589 198 814 269 urmanons
842 168 1073 267 enmonas

286 367 432 449 νήθησαν
455 372 525 440 sole
548 366 602 449 τής
619 364 840 446 Προποντίδος
860 362 1134 446 προσεληλυθέναι
1158 352 1277 443 νήσοις,
1297 362 1394 425 δυοῖν

287 469 420 534 δέουσαι
441 460 671 550 ἑβδομήκοντα,
692 468 751 529 τοῦ
772 462 893 547 χρόνον
913 464 1086 547 τηνικαῦτα
1105 462 1164 538 τός
1183 464 1241 527 τοῦ
1261 463 1395 543 χειμῶ-

287 591 339 643 νος
359 569 513 649 ἐσχατιὰς
542 569 778 652 παραθέοντας,
800 563 857 629 καί
885 567 1056 645 μέλλοντος
1085 558 1161 629 όσον
1183 563 1310 627 autem
1331 561 1393 637 τός

287 668 342 752 τῆς
365 670 475 753 ήρινής
501 668 670 751 ἰσημερίας
690 666 834 747 α’νίοχειν
863 660 994 748 τροπός.
1044 660 1179 747 κέκιιόή
1203 660 1300 746 λιμήν
1322 670 1395 739 ταῖς

287 767 393 853 νήσοις
411 764 549 845 ’ἐκείναις
571 767 628 830 ουίι
644 756 681 851 ήν
704 767 833 854 ου’δαμή
846 761 985 853 τοοοότηι
1006 762 1110 853 στόλιρ
1128 760 1305 848 προσήκων,
1327 774 1421 842 pse-5

158 874 239 932 tllb
250 876 277 931 b.
287 868 402 952 τέοοροι
418 871 634 952 νυχθημέροις
653 869 746 933 δυσίν
758 870 807 931 ἐπ’
817 869 964 949 dnonas
975 865 1128 931 ἐοόλτυον
1138 860 1261 929 όπασαι
1273 864 1297 901 “
1307 863 1393 928 πόνυ

286 994 317 1034 τι
340 972 541 1056 πλημμελῶς,
563 969 621 1032 τοῦ
642 991 676 1031 τε
701 965 843 1049 πόματος
859 966 1003 1031 κότιιθεν
1027 962 1238 1046 ιίνοεόοῦντος,
1257 966 1313 1029 καί
1334 970 1394 1029 τοῦ

286 1068 461 1152 πνεύμονος
479 1069 606 1156 οόδαμή
638 1092 687 1133 πσο
717 1065 836 1153 λήξεως
863 1067 1076 1151 μεμνημίνου.
1131 1057 1235 1149 ήμόρ
1258 1059 1298 1130 όν
1319 1066 1394 1147 ἐνήν

286 1172 341 1236 καί
360 1172 391 1234 Γ
388 1172 564 1245 εννουίταις
585 1168 640 1234 ἐπί
658 1172 745 1256 σφᾶς
764 1167 915 1254 ἐξαίφνης
937 1171 1160 1248 πλευσεῖοθαι,
1175 1167 1276 1231 πάλον
1296 1169 1393 1230 τοῦτο

286 1273 460 1355 μελετηθέν
483 1273 594 1346 αότοῖς
615 1275 669 1337 καί
693 1274 962 1356 παρασκευασθὲν
994 1272 1223 1349 κεκοπωμένοις
1240 1272 1439 1332 duntone-10

222 1380 355 1442 ’totle
375 1368 454 1436 κατό
489 1374 543 1437 τόν
574 1359 752 1436 α’νόπλουνζ
797 1370 853 1433 καί
878 1372 983 1434 ταῦτα
1012 1373 1073 1450 μὲν
1106 1370 1182 1455 κήδε’
1209 1394 1252 1456 πη
1278 1364 1392 1448 ἔσχεν·

287 1475 355 1539 ἄλλ’
377 1469 545 1557 ἐπειδήπερ
578 1475 636 1537 οόκ
669 1462 707 1555 ἦν
737 1474 769 1545 ἐς
795 1476 891 1537 πλόον
921 1472 990 1535 ott·
1018 1473 1173 1535 ἐνταυθοῖ
1198 1472 1394 1553 καθημένοις

285 1570 428 1663 θαλάττῃ
462 1576 517 1640 καί
546 1572 666 1656 κόμασι
694 1569 862 1654 μάχεσθαι
890 1574 945 1635 καί
975 1570 1132 1651 πνεόματι
1163 1572 1391 1654 τραχυνομίνρι

287 1677 461 1760 διηνεκοῦς,
485 1669 619 1759 ἄραντες
632 1677 755 1741 ἐκεῖθεν
776 1682 910 1755 τριταῖοι
932 1674 1007 1754 περί
1024 1673 1132 1755 δειλην
1152 1669 1251 1751 όψίαν
1273 1666 1393 1757 κατήι-

286 1797 368 1838 σαν·
380 1776 483 1859 ήρίμιι
513 1774 567 1840 καί
601 1777 776 1859 μοχθηρῶς
803 1778 837 1849 ἐς
872 1771 928 1838 τόν
957 1775 1020 1838 τόν
1050 1771 1236 1850 Βυζαντίων
1264 1771 1391 1850 λιμένα.
1404 1779 1438 1831 15

249 1946 251 1957 ,
287 1876 343 1941 καί
366 1868 433 1953 ἅμα
452 1875 595 1959 τριήρεις
616 1876 765 1939 ἐντεῦθεν
788 1871 871 1937 darei
892 1874 1085 1957 ἀναχθεῖσαι
1110 1871 1289 1952 Ῥοιμαίκαί
1312 1894 1393 1934 συν-

288 1977 438 2060 διέφερον
470 1970 529 2057 τήν
561 1975 745 2059 καταγωγήν
774 1979 829 2041 καί
850 1975 1081 2057 συνεκρότουν,
1114 1969 1315 2055 προάγουσαι
1337 1972 1396 2035 καί

285 2075 548 2158 χειραγωγοῦνται.
602 2073 682 2139 α’λλό
714 2078 789 2159 πρίν
816 2071 967 2157 ἅψασθαι
996 2076 1074 2157 γῆς,
1102 2072 1306 2137 ἐπιπλέουσιν
1339 2074 1391 2149 ἐξ.

287 2178 402 2263 αίφνης
424 2176 540 2253 αόταῖς
563 2174 597 2242 αἱ
619 2180 650 2241 Γ
648 2172 841 2241 εννουιτικαί
858 2173 1010 2259 τριήρεις,
1032 2173 1270 2261 ἐφεδρεόουοαι
1292 2172 1395 2237 πόλαι

288 2279 389 2355 πολόν
413 2300 483 2341 τινα
508 2278 636 2361 χρόνον.
680 2278 869 2359 καίπραότα
889 2279 950 2359 μὲν
970 2276 1111 2359 τριήρεις
1126 2273 1439 2366 ταχυναυτοόοαςλθ

286 2374 406 2441 σύνδυο
437 2380 494 2440 καί
524 2374 669 2460 σύντρεις
698 2376 733 2441 ἐκ
770 2379 984 2460 διαστήματος
1012 2379 1046 2451 ἐς
1082 2371 1230 2460 πρόμναν
1265 2375 1395 2439 ἐκείνων

287 2475 514 2559 προύπεμψαν,
533 2473 664 2541 κᾶπειτα
687 2481 947 2563 ἐσπουδασμένην
975 2477 1045 2542 τινα
1069 2480 1125 2541 καί
1142 2480 1231 2557 μάλα
1255 2500 1286 2539 τι
1306 2472 1396 2561 σφό-

287 2578 349 2659 δρα
372 2575 504 2641 κατόπιν
525 2579 630 2655 οἘεῖαν
660 2576 694 2643 αἱ
713 2563 825 2643 μπόσαι
852 2577 909 2663 τήν
938 2576 1054 2664 ἔφοδον
1088 2578 1271 2658 ἐποιοῦντο,
1294 2574 1338 2651 τός
1358 2579 1394 2651 ἐς

288 2675 427 2760 όνόμκας
451 2678 534 2743 ἰέναι
555 2678 751 2763 Βενετικοός,
762 2679 885 2765 ,καίπερ
917 2673 1000 2743 οὕτω
1020 2682 1260 2760 κεκοπωμένους
1282 2678 1338 2742 καί
1356 2678 1393 2742 ἐν

287 2982 349 3019 sere
363 2962 468 3035 plaeido
491 2972 581 3018 austro
599 2966 675 3020 initio
696 2967 802 3035 quidem
815 2964 906 3031 dante,
923 2974 1032 3033 postero
1041 2966 1096 3017 ‘die
1114 2972 1202 3017 autem
1221 2966 1393 3033 usqueadeo

287 3036 515 3102 increbrescente,
529 3044 559 3087 ut
572 3053 654 3108 aegre
667 3038 700 3091 ad
715 3038 818 3091 insulas
826 3036 996 3104 Propontidis
1009 3052 1068 3088 eum
1081 3038 1223 3105 sexaginta
1235 3043 1298 3089 oeto
1309 3039 1394 3089 navi.

287 3108 338 3160 bus
353 3110 497 3176 pervenire
508 3118 618 3175 possent
630 3118 745 3163 exeunte
764 3109 852 3161 bieme
867 3117 894 3159 et
904 3110 1076 3176 aequiuoetio
1089 3122 1175 3161 verno
1187 3109 1293 3159 iamiam
1305 3124 1393 3175 appe-

287 3186 372 3231 tente.
392 3195 472 3246 quum
485 3194 551 3230 vero
566 3188 668 3245 portus,
683 3184 726 3249 qui
744 3189 842 3232 tautam
860 3179 972 3231 classem
990 3194 1088 3244 capere
1100 3187 1202 3246 posset,
1220 3179 1277 3231 illis
1296 3179 1393 3231 insulis

205 3266 208 3273 ·
287 3262 342 3301 non
363 3256 443 3311 esset,
457 3264 505 3315 per
523 3249 632 3301 duorum
648 3253 750 3303 dierum
763 3252 935 3318 noctiumque
947 3252 1061 3318 spatium
1079 3252 1108 3301 in
1123 3250 1178 3302 alto
1197 3264 1291 3302 omnes
1306 3266 1393 3302 naves

287 3329 410 3387 temere,
429 3321 457 3370 iu
477 3321 582 3371 ancoris
602 3320 755 3386 fluitabant,
775 3322 856 3374 linctu
876 3322 909 3373 ab
928 3323 981 3373 imo
999 3323 1195 3373 intumescente
1213 3337 1305 3389 nequa
1321 3330 1394 3373 teus-

288 3396 394 3459 pestate
412 3404 526 3457 uuquam
546 3393 711 3445 considente.
731 3393 791 3445 lieri
810 3394 888 3443 etiam
907 3394 1002 3458 potuit,
1021 3400 1051 3443 ut
1070 3393 1226 3445 Genueuses
1245 3393 1393 3459 derepente

289 3464 317 3513 iu
339 3475 385 3513 eos
406 3476 510 3513 cursum
530 3462 714 3529 intenderent,
740 3465 785 3531 qui
814 3466 866 3514 iam
891 3464 937 3515 diu
964 3463 991 3515 id
1018 3464 1134 3531 agebant
1151 3471 1231 3531 atque
1252 3464 1392 3530 parabant,

197 3590 203 3611 ι
289 3540 318 3585 ut
337 3546 384 3585 eos
416 3534 486 3584 iuter
512 3533 690 3601 navigandum
718 3535 879 3603 defatigatos
904 3535 1081 3586 adorirentur.
1126 3534 1194 3585 baec
1222 3536 1330 3602 quidem
1348 3542 1393 3586 ras

289 3605 329 3657 sio
350 3620 381 3656 se
401 3604 458 3656 lere
477 3603 601 3656 babebat.
639 3622 717 3672 quum
736 3620 803 3657 vero
823 3606 892 3658 baud
910 3606 1010 3658 diutius
1036 3622 1095 3657 eum
1115 3607 1182 3656 mari
1201 3614 1281 3674 atque
1301 3605 1392 3657 ducti.

289 3675 362 3738 bus,
383 3678 548 3743 tempestatis
566 3677 594 3728 vi
613 3690 665 3727 uou
685 3678 847 3741 remittente,
868 3676 1016 3729 conflictari
1035 3684 1153 3744 possent,
1173 3678 1280 3729 ancoris
1298 3677 1392 3729 subla-

290 3746 325 3796 tis
346 3746 409 3796 iude
427 3747 550 3813 provecti
569 3748 649 3799 tertio
670 3748 712 3799 die
731 3748 781 3801 sub
807 3763 948 3815 vesperam
976 3749 1051 3800 tarde
1070 3757 1151 3815 atqua
1176 3763 1259 3817 aegre
1278 3749 1306 3800 in
1325 3763 1392 3816 por.

291 3822 346 3865 tum
364 3814 541 3881 bysuntinum
559 3819 731 3886 navigabant,
752 3828 814 3871 octo
833 3819 984 3872 triremibus
1003 3820 1129 3872 Romanis
1148 3819 1277 3871 trahendo
1296 3828 1324 3871 et
1341 3821 1393 3872 du.

292 3885 377 3936 cando
399 3888 539 3956 appulsum
558 3891 585 3941 iu
604 3898 708 3956 portum
725 3890 911 3943 adiuvantibus
929 3899 956 3941 et
969 3890 1182 3944 sublevantibus.
1196 3906 1288 3943 verum
1301 3891 1393 3957 prius.

284 3972 369 4026 ·quam
389 3959 573 4024 appellerent,
595 3962 716 4013 triremes
742 3963 897 4013 (ienuenses
922 3963 1037 4014 iamdiu
1065 3964 1099 4014 iis
1118 3962 1259 4014 iusidiatae
1278 3970 1393 4028 repente

291 4028 462 4096 adnavigant.
507 4040 588 4101 atque
613 4032 725 4099 primum
752 4033 857 4102 quidem
882 4034 1013 4101 expeditis
1034 4033 1148 4086 navibus
1171 4034 1242 4086 biuis
1261 4041 1289 4084 et
1307 4035 1392 4085 ternis

289 4116 325 4153 ex
346 4099 492 4156 intervallo
511 4104 538 4156 in
559 4118 661 4175 puppes
684 4120 775 4157 eorum
793 4106 945 4172 praemissis
969 4121 1030 4175 eum,
1045 4104 1167 4160 omuibus
1185 4103 1301 4160 navibus
1320 4106 1392 4157 omni
