3017 4759
297 249 372 328 ast
455 237 462 246 ’
577 209 840 329 'nannoni
872 259 1104 328 enneoase

298 425 434 510 α’νόητος
455 421 544 490 ἔσται
572 427 592 509 ἧ
620 424 715 490 ονὀόιτ
736 418 859 488 aalma·
910 421 988 510 εἴτι
1012 426 1046 488 δὲ
1063 423 1154 506 ἔχει,
1185 427 1261 506 παρ’
1277 421 1405 490 ἑαυτοῦ

303 526 383 610 ἔχει,
404 527 443 590 οὐ
465 531 541 612 παρ’
565 520 675 592 όλλοο.
717 529 793 592 εἰδὲ
814 527 890 610 παρ’
915 521 1035 590 ἑαυτοῦ
1047 529 1104 591 κατ’
1123 530 1156 606 ἐξ
1176 523 1300 592 ἑαυτοῦ
1321 535 1403 610 νοεῖ,

302 628 399 703 αὐτός
418 631 505 695 ἐστιν
525 627 549 692 ἃ
570 637 644 698 νοεῖ.
677 628 805 692 ὀοίτοιῖν
827 632 899 703 νοός
919 621 965 691 τόν
984 619 1079 704 ὄντας
1110 636 1180 692 νοιῖ
1196 627 1235 692 τό
1259 623 1337 693 όντα
1357 625 1406 704 σός

302 720 373 795 αἴν’.
416 727 493 817 όρᾷς
506 736 573 806 τιτλς
595 727 755 812 ἐνέργειαν
776 733 831 793 καί
852 733 926 794 νοόν
946 727 1002 792 sal
1008 739 1091 792 νοεῖν
1112 731 1168 793 ναι·
1188 739 1334 815 φρονεῖν,
1356 729 1430 797 εἴ-,

302 855 379 896 τοον
402 833 509 914 νόησιν
529 833 584 896 κατ’
605 832 772 916 φρόνησιν,
793 830 909 893 ταότόν
929 831 965 916 τῇ
987 828 1081 919 ου’σιζτ
1105 832 1264 894 δείκνυσιν
1282 829 1300 894 ό
1315 836 1433 907 θεῖοςῡ

239 933 295 988 Ιῐ
315 923 404 1008 οότος
423 931 633 1012 διόόσναλοςς
664 925 760 993 ἄκουε
791 934 826 993 δὲ
858 929 967 993 λοιτιόν
991 934 1045 994 sai
1075 925 1187 1013 ἑτέραν
1214 935 1273 994 τοῦ
1304 932 1412 996 aanor?

303 1033 399 1118 ῥῆσιν
420 1030 536 1112 ὅμοιὀνς
564 1030 712 1113 ἔχουσαν.
763 1029 879 1093 “oster
902 1034 966 1094 τοόν
987 1021 1088 1094 όντων
1108 1030 1146 1094 τό
1171 1028 1302 1094 σόνολον
1324 1031 1407 1096 αιῗτό

290 1116 377 1195 ’καθ’
399 1131 479 1195 αότό
502 1131 587 1215 όττλῆ
605 1156 654 1206 τις
674 1127 771 1194 οόοίσ
793 1124 813 1213 ἢ
834 1127 942 1214 νόησις
963 1132 1063 1210 ἐστίν,
1095 1132 1147 1194 ἳνα
1182 1133 1237 1193 κατ’
1257 1131 1362 1211 μονὰς
1388 1126 1410 1219 ᾗ

285 1233 497 1316 ἀἰλιαίρετος.
538 1231 593 1296 τόν
614 1234 650 1295 (li
669 1225 747 1295 stila
771 1228 833 1296 εἴτε
857 1227 972 1296 οὐσίαν
994 1230 1147 1313 εἴποιμεν,
1170 1231 1228 1294 οὐκ
1250 1232 1318 1314 ἔχει
1341 1258 1410 1316 φυ-

303 1337 400 1409 σιτοός
424 1318 711 1416 σσνειτινοοομένην
732 1331 791 1414 την
815 1335 873 1396 τοῦ
895 1336 1037 1396 νοεῖσθαι
1061 1333 1218 1414 δύναμιν,
1239 1335 1291 1397 ἵνα
1315 1332 1362 1417 μὴ
1392 1327 1478 1421 ἦλθ’

304 1436 477 1510 σόνθττος·
520 1425 583 1498 εἴτε
603 1432 722 1517 νόησιν,
745 1432 802 1496 οὐκ
826 1429 894 1516 ἔχει
917 1435 1062 1518 φοσῑκιός
1095 1433 1236 1518 δεκτικόν
1255 1436 1309 1517 τῆς
1331 1436 1413 1521 νοη-

307 1559 388 1613 σεονς
408 1531 613 1618 όττοτττμὲνην
634 1535 756 1600 οοόίοτν.
779 1533 848 1597 α’λλ’
871 1531 949 1596 nilne*
971 1535 1038 1598 κατ’
1061 1533 1175 1598 ου’σίαν
1196 1531 1301 1618 νόησίς
1322 1537 1413 1612 ἐστιν
1456 1547 1464 1552 “

305 1637 323 1701 ό
346 1637 434 1718 θεός,
453 1639 510 1700 κατ’
530 1630 601 1713 όλος
622 1638 729 1720 νόησις
748 1639 804 1700 κατ’
823 1632 930 1717 μόνον,
954 1632 1009 1698 καὶ
1029 1633 1107 1699 aaut
1122 1637 1200 1699 ιτατό
1221 1635 1277 1718 την
1299 1633 1414 1720 νόησιν

307 1737 411 1817 οόσιά,
425 1741 481 1800 καί
491 1732 563 1811 όλος
578 1738 671 1802 οὗοιά
687 1741 743 1801 καί
754 1736 864 1819 μόνον,
878 1738 931 1800 νιιί
942 1731 1023 1819 ὑπὲρ
1038 1737 1150 1800 natata»
1165 1733 1246 1815 όλος,
1259 1738 1316 1800 κατ’
1329 1733 1413 1820 ὑπὲρ

236 1847 243 1854 ’
307 1841 416 1920 νόησιν
432 1831 518 1918 όλος,
541 1839 621 1901 όιότι
640 1836 740 1916 μονὰς
753 1839 936 1920 ἀδιαίρετος
947 1840 1001 1900 καὶ
1016 1836 1137 1921 ἅμερης
1150 1837 1339 1924 ναίόιιλη.”
1358 1844 1417 1903 καί
1425 1855 1453 1907 15

309 1940 455 2018 α’λλοχοό
471 1933 592 2016 “μσνός
605 1931 847 2021 γάρ”φησιν“ἦ
866 1932 989 2021 θεότης,
1002 1942 1057 2000 ani
1069 1939 1108 2000 eil
1123 1939 1213 2018 ιλοός,
1236 1938 1290 2002 κατ’
1310 1935 1415 2024 τριάς,

311 2040 380 2103 αλλ’
400 2038 438 2101 οό
460 2041 600 2120 πλῆθος,
630 2036 674 2112 τός
696 2029 835 2121 ἄναρχος
856 2037 1027 2119 α’σοόμοτός
1047 2063 1081 2102 τε
1115 2039 1170 2102 κατ’
1190 2041 1414 2114 α’στασιάστος.

311 2139 367 2204 κατ’
386 2135 617 2204 τιόλινιιιλκεῖνο
643 2139 704 2223 γὰρ
726 2139 825 2226 φύσει
846 2138 1028 2221 μονοότατον
1056 2143 1192 2222 τέλειον,
1214 2143 1249 2204 τό
1272 2140 1416 2206 deirae-

316 2264 370 2306 τον
390 2240 445 2305 νοί
466 2242 656 2332 ἆσκέόαρτον
679 2240 734 2304 κατ’
751 2245 871 2328 φεῦγον
894 2239 942 2306 ἐπ’
962 2240 1032 2326 ἴσης
1055 2239 1088 2306 τό
1114 2267 1147 2307 τε
1171 2245 1245 2306 καθ’
1267 2238 1415 2306 ὑπόστα-

313 2367 365 2408 σιν
384 2343 558 2424 μοναδικόν
593 2347 648 2406 aas*
667 2341 702 2408 τό
734 2345 810 2409 καθ’
831 2336 909 2426 όλην
932 2343 1042 2407 ιλιιϊκόν
1065 2345 1119 2408 κατ’
1150 2341 1184 2409 τό
1209 2350 1275 2408 κοτ’
1298 2346 1456 2409 ου’σιάνλθ

246 2461 302 2513 80
313 2439 554 2527 ττληθοντιιτόν.”
601 2442 678 2531 όρᾷς
704 2445 771 2519 ποός
801 2441 838 2508 τό
865 2441 1080 2528 τιληθοντινην
1113 2450 1258 2510 νοιῖσθιιι
1280 2441 1339 2529 την
1357 2454 1417 2529 τῆς

312 2543 442 2628 τριόόος
466 2546 608 2613 ἐνταῦθα
637 2541 770 2629 φωνην,
792 2541 992 2610 παντάπασιν
1023 2543 1039 2609 ό
1063 2551 1150 2621 θεῖος
1173 2535 1265 2620 οὗτος
1290 2545 1417 2627 ἀντονο-

314 2640 631 2726 pensitationis„
664 2641 761 2725 μονός
779 2641 840 2730 γάρ
864 2667 962 2731 φησιν
992 2645 1010 2730 ἦ
1032 2647 1123 2730 τριὰς
1146 2645 1202 2710 κατ’
1221 2645 1262 2710 ον’
1281 2649 1415 2732 πλῆθος,

314 2964 454 3035 intelligit,
468 2962 502 3016 ab
521 2979 553 3015 ea
570 2963 678 3017 diversa
697 2971 768 3029 sunt,
788 2977 879 3016 amens
899 2964 935 3017 sit
954 2977 1069 3018 neeesse
1088 2971 1128 3016 est
1148 2964 1265 3016 essentia
1284 2963 1352 3014 eius.
1392 2965 1415 3016 si

315 3039 379 3108 qniil
396 3043 483 3089 antem
504 3035 594 3099 habet,
616 3051 678 3088 οιο
698 3033 756 3103 i'psa
775 3033 873 3100 habet,
892 3050 947 3086 non
966 3034 998 3087 ab
1017 3035 1080 3086 alio.
1119 3035 1142 3086 si
1160 3051 1175 3086 a
1195 3051 1225 3086 se
1244 3037 1313 3101 ipsa,
1335 3035 1415 3086 etiam

314 3126 363 3178 per
381 3125 412 3161 se
432 3109 516 3174 ipsam
535 3103 674 3174 intelligitl
694 3109 753 3174 ipsa
773 3115 860 3158 autem
881 3116 922 3159 eet
941 3122 982 3170 ea,
1004 3121 1072 3174 quae
1091 3105 1230 3174 intelligit;
1250 3107 1335 3172 igitur
1354 3122 1414 3157 cum

314 3179 451 3242 mensuit,
470 3194 500 3229 re
519 3193 584 3229 vera
602 3177 732 3244 intelligit
753 3195 805 3243 ea,
827 3193 895 3246 quae
916 3180 953 3229 ita
972 3185 1033 3230 sunt
1052 3186 1219 3244 comparata,
1245 3184 1274 3228 ut
1293 3192 1326 3228 ea
1345 3178 1413 3244 ipsa.

315 3252 391 3303 vides
411 3249 581 3300 efficientiam
601 3256 628 3299 et
646 3255 761 3300 mentem
782 3249 953 3301 cinationem
969 3247 1140 3316 intelligendi
1160 3256 1186 3299 et
1199 3249 1334 3316 cogitandi
1354 3251 1414 3300 sive

317 3319 524 3388 intelligentiam
547 3327 573 3370 et
592 3321 784 3387 cogitationem
809 3321 878 3372 idem
899 3335 959 3373 esse
980 3335 1038 3370 cum
1066 3320 1183 3371 essentia
1202 3321 1379 3370 demonstrari
1399 3334 1414 3370 a

316 3393 408 3446 divino
437 3388 487 3442 illo
512 3390 665 3460 magistro‘l‘
705 3392 799 3458 accipe
823 3400 910 3448 autem
941 3405 1020 3459 porro
1052 3391 1130 3456 etiam
1155 3390 1268 3442 alterum
1294 3391 1414 3442 eiusdem

317 3464 415 3517 dietum
437 3462 530 3512 eodem
558 3463 635 3514 modo
657 3472 858 3530 comparatum:
887 3463 963 3516 nulla
981 3479 1024 3514 res
1050 3463 1157 3513 omnino
1177 3477 1225 3530 per
1245 3463 1354 3528 seipsa
1375 3470 1415 3513 est

318 3532 434 3602 simplex
453 3534 570 3586 essentia
583 3541 629 3584 aut
644 3533 835 3602 intelligentia,
851 3544 885 3592 ,nt
905 3536 983 3586 etiam
1003 3548 1094 3585 monas
1113 3535 1148 3586 sit
1169 3533 1316 3584 individua.
1336 3533 1414 3584 deum

318 3617 406 3661 autem
425 3605 484 3657 siva
505 3606 647 3656 essentiam
665 3606 786 3671 dicimus,
805 3621 859 3657 non
878 3605 958 3657 habet
979 3604 1056 3656 simul
1076 3603 1247 3673 intelligendi
1268 3605 1343 3668 vim,
1362 3605 1415 3655 nisi

318 3681 388 3734 farte
407 3677 571 3744 compositus
598 3684 655 3738 est,
683 3678 743 3729 sive
764 3677 990 3745 intelligentiam,
1015 3675 1169 3728 nonhabet
1194 3683 1322 3727 enatura
1340 3676 1415 3727 reci.

318 3753 436 3820 pientem
461 3747 660 3816 intelligentiae
682 3750 845 3816 suppositam
872 3749 1023 3806 essentiam.
1069 3747 1116 3818 sed
1142 3754 1252 3814 propter
1271 3749 1416 3810 essentiam

318 3824 383 3874 deus
403 3826 444 3887 est
464 3819 664 3887 intelligentia,
687 3828 713 3872 et
732 3828 805 3873 totus
824 3828 865 3873 est
884 3819 1067 3888 intelligentia
1087 3817 1237 3881 eteniam,
1258 3825 1285 3869 et
1305 3826 1416 3885 propter

318 3888 525 3955 intelligentiam
545 3892 671 3955 essentia,
692 3900 719 3943 et
736 3901 807 3944 totus
827 3899 867 3944 est
886 3893 1002 3944 essentia
1022 3899 1049 3941 et
1074 3889 1170 3952 solani,
1192 3897 1219 3940 et
1238 3896 1349 3956 propter
1369 3904 1417 3940 ee.

319 3960 433 4018 sentiam
451 3965 522 4011 totus
548 3968 575 4012 et
593 3971 704 4030 propter
728 3962 934 4031 intelligentiam
961 3968 1051 4032 totas,
1080 3968 1244 4029 quapropter
1263 3975 1356 4012 monae
1376 3968 1418 4010 est

319 4031 455 4088 individua
472 4037 500 4081 at
516 4030 633 4086 indivise
650 4042 677 4087 et
695 4033 819 4100 simplex.
839 4042 866 4085 et
884 4034 964 4098 alibi,
985 4048 1076 4085 monas
1096 4033 1175 4096 enim,
1196 4033 1292 4098 inquit,
1314 4031 1420 4084 divini.

322 4115 362 4160 τοι
381 4109 432 4166 eit,
450 4116 539 4169 nequa
558 4116 624 4158 varo
642 4105 708 4171 dyas
728 4112 757 4156 at
774 4105 847 4169 trias,
866 4107 985 4158 sednon
999 4104 1149 4167 multitudo,
1169 4103 1240 4153 initii
1260 4111 1301 4155 est
1320 4117 1420 4169 expers

324 4184 351 4229 et
370 4175 529 4241 incorporea
549 4179 575 4226 et
595 4184 728 4232 conataasi
756 4184 783 4230 et
801 4191 901 4233 rursus.
942 4175 1009 4231 illud
1039 4176 1108 4231 enim
1129 4182 1223 4230 natura
1245 4181 1285 4230 eet
1303 4175 1420 4227 maxime
