3017 4759
295 232 370 306 282
596 244 820 353 urcarnont
852 244 1079 311 GREGORAE

294 400 377 469 εἶναι
397 404 531 486 ταδτδν,
558 397 617 470 ιιδν
650 402 689 468 σι)
724 408 809 485 βοῶν
842 408 1034 493 διαρραγῇς,
1067 406 1105 473 τοὶ
1136 398 1252 488 ἄμικτα
1280 400 1395 489 μιγνδς

294 508 349 570 κατ’
379 508 478 589 λέγειν
508 505 561 570 τὸν
592 511 680 570 θεῖον
719 504 834 571 ἐκεῖνον
872 509 1056 585 αἰτιώμενος
1086 500 1188 590 ἄνδρα
1218 511 1272 590 τῆς
1305 507 1395 571 turt-

293 632 369 674 στου
387 611 515 694 φύσεως
538 610 703 691 διαφέρειν
727 607 785 691 τὴν
798 602 942 672 οἴκτιστον
964 608 1083 692 ταύτης
1104 610 1273 690 ἐνέργειαν.
1318 606 1392 670 οὐδὲ

292 706 353 793 γαρ
378 709 483 783 οδδείς
502 712 563 773 τῶν
583 707 732 773 ἁπάντων
753 714 873 783 ἐντοῖς
904 712 1022 773 ἐκείνου
1045 707 1293 791 συγγράμμασιν
1313 707 1392 772 ertit

292 809 393 875 πολλα
425 810 567 894 μογήσας
599 803 673 874 οὕτε
696 812 788 893 μόγις
817 816 899 893 μέγα
919 836 949 875 τι
980 812 1042 874 τῶν
1065 802 1279 875 πάντωνοδτε
1303 806 1417 889 uoluti

292 910 383 993 μόλις
408 915 485 995 γοῦν
512 916 576 976 ταῖν
607 910 784 994 ἐλαχίστων
813 914 908 977 ον’δὲν
931 910 1110 994 δμότροπον
1141 903 1180 973 ἄν
1203 910 1277 973 ποθ’
1298 902 1392 989 εδροι

291 1016 434 1078 τουτοισὶ
460 1023 527 1088 τοῖς
547 1016 603 1077 νεῖν
619 1019 872 1097 παρεορημένοις
893 1017 949 1076 κατ’
962 1016 1213 1096 προτεθειμένοις
1232 1015 1276 1098 τῷ
1291 1034 1393 1072 κατα-

294 1112 378 1201 ρὰτιρ
400 1136 450 1177 σοι
473 1118 620 1201 Παλαμιῖ
642 1116 695 1177 κατ’
717 1118 837 1201 δολερῷ
857 1112 1051 1200 συκοφάντῃ.
1074 1116 1163 1176 δοοῖν
1181 1136 1256 1195 γοον
1280 1107 1392 1174 ἔπειτα

292 1210 475 1299 θάτερον,
464 1243 481 1299 η
506 1212 564 1298 γὰρ
587 1212 667 1279 ἑκτὸν
686 1210 935 1298 βλασφημεῖς’
910 1240 928 1297 η
952 1216 1012 1297 οὐχ
1033 1212 1113 1278 ἑκών
1134 1216 1268 1296 α’γνοεῑς,
1292 1215 1394 1277 α’ναλ-

295 1317 437 1401 φοίβητος
470 1342 524 1397 ων,
554 1341 596 1391 ως
631 1315 751 1396 ἔοικεν,
777 1313 832 1396 ἐτι,
862 1342 914 1387 και
948 1319 1007 1380 τοῖν
1030 1315 1164 1397 πρώτων
1191 1318 1248 1397 τῆς
1274 1314 1434 1397 σοφίαςλδ

294 1417 458 1501 στοιχείων
477 1417 561 1483 πάνυ
586 1442 617 1482 τι
638 1414 751 1500 οἷδιιὴς.
795 1441 839 1482 ων
858 1442 892 1482 το
914 1418 1018 1497 μέν’
996 1420 1140 1499 aubroc,
1160 1414 1290 1481 rtirl't
1273 1412 1394 1497 ημιμό.

292 1524 416 1604 χθρρον
439 1523 495 1583 κατ’
515 1518 665 1641 ἰάσιμον
688 1514 730 1615 ἢν
748 1511 805 1582 οὖν
826 1542 878 1583 και
901 1517 1000 1592 αδτος
1021 1520 1143 1606 ἐθέλῃς,
1165 1513 1239 1582 ἑλοῦ
1259 1516 1292 1581 τδ
1315 1514 1394 1581 δεδ-

292 1644 393 1704 τερον.
438 1625 528 1685 δοσιν
558 1648 620 1704 γαρ
642 1616 782 1704 ὄψεσθαι
805 1620 943 1700 θάτερον
977 1622 1094 1697 ἐλπίζω
1115 1623 1171 1683 κατ’
1190 1611 1394 1701 εδχομαι,ἢ

293 1719 349 1804 τὴν
371 1721 431 1803 σήν
461 1720 679 1806 ἐπιστροφήν,
709 1744 737 1785 ει
759 1714 925 1802 βούλομ’
903 1746 921 1802 η
945 1744 1000 1801 την
1026 1744 1086 1803 σιγν
1108 1720 1340 1802 καταστροφήν,
1365 1719 1395 1781 ετ

292 1819 336 1903 μή
359 1820 477 1903 βούλει.
526 1820 560 1885 τὸ
584 1825 643 1902 μὲν
662 1822 724 1904 γδρ
754 1825 791 1884 σὲ
813 1822 869 1903 τῆς
901 1824 1073 1894 πολυετοῦς
1096 1821 1437 1897 auctotoritate-15

227 1931 357 2000 ῠιται,
376 1918 411 1983 τδ
438 1922 474 1983 δὲ
496 1920 550 1984 κατ’
571 1918 645 1994 τούς
667 1912 783 1994 ἄλλους
797 1918 842 2005 μὴ
864 1918 1075 2002 βλάπτεσθαι.
1119 1918 1218 1984 πόθεν
1240 1914 1299 1983 οδν
1320 1922 1395 1983 ἐπι-

293 2025 478 2105 χειροίημεν
500 2014 541 2085 δν
581 2024 786 2103 μεταπείθειν
815 2013 919 2103 ἄνδρα
941 2022 1092 2104 Ιτοσοῦτον
1121 2022 1176 2083 καί
1204 2014 1303 2093 οὕτως
1324 2014 1394 2101 ἧλι-

292 2124 361 2198 ιιέας
383 2120 518 2204 ἔχοντα,
542 2116 562 2205 ἢ
585 2120 708 2198 πάντως
730 2116 807 2185 ὅθεν
830 2120 886 2183 οὐκ
903 2122 1089 2185 α’νέλπιστον
1108 2114 1147 2183 ἐν
1159 2119 1207 2206 εἴη
1218 2119 1251 2185 τὸ
1267 2122 1395 2199 σκέμμα

293 2222 373 2305 πρός
403 2226 565 2308 ω’φέλιμον
595 2226 698 2305 τέλος,
729 2225 812 2307 μηδὲ
842 2224 976 2303 μα’ταιος
1007 2226 1116 2304 γένοιτ’
1149 2212 1188 2285 ἐν
1218 2217 1394 2304 ῆοπουδὴ.

207 2385 210 2392 ,
292 2325 450 2405 βούλομαι
475 2326 503 2386 δ’
525 2316 583 2389 οδν
605 2320 691 2404 ὅμως
706 2327 929 2406 ἐντελεστέραν
950 2320 1114 2405 τοῦλόγου
1137 2322 1315 2405 ἐρχόμενος
1335 2316 1439 2403 τὴνγρ

295 2429 359 2486 τοῦν
382 2425 611 2508 ῥηθησομένων
635 2424 835 2507 ποιήσασθαί
856 2448 908 2487 σοι
929 2424 1204 2507 προκατάστασιν,
1225 2425 1280 2485 κατ’
1300 2420 1397 2485 διδοῖ-

294 2529 345 2602 ξαι
370 2522 426 2588 τόν
447 2525 562 2607 α’μαθῆ
579 2530 616 2589 οὲ
631 2529 663 2603 ἔξ
681 2527 791 2588 ου’ταῖν
814 2521 993 2607 ἐρχόμενος
1016 2527 1076 2587 τῶν
1099 2524 1206 2587 οἷπλιόν
1228 2526 1395 2604 στοιχείων

294 2628 350 2688 κατ’
371 2628 496 2710 φωνοῦν,
518 2625 561 2700 ὥς
587 2625 616 2690 οἱ
640 2624 884 2708 γραμματισταὶ
906 2623 944 2690 τοὶ
964 2621 1126 2717 μειράκια,
1151 2625 1206 2690 ἵνα
1227 2623 1269 2709 μή
1294 2644 1391 2688 συνε-

294 2864 413 2937 (etiamri
432 2870 460 2915 tu
479 2863 597 2916 clamore
616 2865 756 2933 rumperis,
777 2864 822 2933 qui
839 2866 1016 2917 remotissima
1036 2866 1149 2917 misceas
1168 2870 1195 2915 et
1213 2864 1304 2916 dicere
1318 2865 1394 2918 diri-

293 2953 355 2990 uum
374 2936 450 2988 illum
469 2936 619 2990 crimineris
639 2938 725 2989 virum
743 2936 776 2987 ab
795 2936 914 2986 increata
933 2943 1027 2988 natura
1048 2936 1156 2988 differre
1174 2936 1318 2987 increatam
1333 2938 1393 2988 eius

295 3009 475 3062 efficientiam.
512 3010 685 3079 nequeenim
705 3009 844 3077 quisquam
860 3010 975 3060 omniurn
994 3009 1022 3058 iu
1043 3006 1117 3059 illiue
1136 3008 1253 3075 scriptis,
1271 3008 1394 3077 quamvis

293 3079 403 3132 multum
423 3080 600 3143 elaborando,
632 3081 679 3132 vix
712 3095 801 3148 neque
832 3094 954 3146 maguum
982 3080 1097 3131 omniurn
1117 3095 1206 3146 neque
1225 3080 1394 3131 minimorum

219 3178 222 3180 -
294 3151 401 3220 quidem
422 3152 563 3218 quidquam
584 3150 671 3202 simile
691 3152 812 3202 iuveniat
830 3166 944 3218 uuquam
961 3150 1003 3213 iis,
1023 3166 1091 3219 quae
1108 3165 1179 3201 nune
1196 3165 1210 3201 a
1228 3157 1264 3215 te,
1276 3150 1392 3214 Paloura,

295 3222 475 3273 obtrectatore
495 3221 625 3273 detestato
655 3230 681 3274 et
700 3222 830 3273 insidioso
857 3224 967 3273 inventa
993 3230 1019 3273 et
1044 3220 1148 3287 prolata
1173 3224 1258 3290 suut).
1296 3222 1393 3273 deinde

296 3294 452 3347 alterutrum
471 3292 587 3358 quidem,
607 3300 652 3342 aut
670 3295 740 3343 enim
759 3308 813 3344 non
833 3294 933 3344 invitus
955 3290 1023 3345 salso
1044 3293 1208 3357 criminaris,
1228 3300 1273 3343 aut
1292 3294 1394 3345 inritus

295 3364 344 3415 illa
362 3364 481 3428 ignoras,
504 3369 530 3411 et
544 3360 688 3413 illiteratus
707 3380 746 3427 eo,
766 3373 795 3415 ut
814 3365 928 3429 videtur,
950 3364 1053 3426 adbuc,
1074 3370 1100 3413 et
1118 3364 1261 3429 primorum
1283 3366 1395 3431 sapien-

297 3437 351 3487 tiae
372 3432 563 3484 elementorum
583 3435 694 3483 omniuo
714 3436 842 3502 ignarus,
863 3450 973 3502 quorum
997 3434 1065 3486 illud
1089 3434 1254 3499 insanabile,
1276 3434 1327 3485 lroc
1347 3451 1395 3486 se.

295 3506 457 3559 mimicorum
478 3503 599 3569 (dimidio
622 3504 733 3574 melius)
755 3513 782 3556 et
800 3506 920 3558 sanabile
940 3514 995 3557 est:
1017 3506 1134 3573 eiigitur
1148 3514 1176 3556 et
1193 3507 1252 3573 ipse
1269 3507 1321 3571 ris,
1342 3506 1395 3557 boc

297 3578 397 3646 delige.
435 3575 590 3626 alterutrum
611 3576 680 3625 enim
698 3592 741 3626 me
761 3578 878 3628 visurum
898 3592 958 3628 esse
977 3590 1056 3643 opero
1075 3585 1212 3643 optoque,
1231 3586 1276 3629 aut
1295 3586 1322 3628 te
1343 3591 1396 3629 το-

296 3650 371 3702 lente
392 3648 505 3700 reditum
526 3654 611 3711 tuum,
631 3655 677 3697 aut
695 3654 723 3696 te
740 3648 850 3699 uolente
879 3650 1013 3700 interitum
1034 3656 1122 3711 tuum,
1142 3648 1255 3700 alterurn
1276 3650 1346 3699 enim
1366 3656 1397 3699 tc

297 3720 423 3772 liberabit
442 3719 563 3785 pernicie
583 3726 697 3781 arterna‚
718 3718 832 3769 alterurn
855 3722 932 3771 etiarn
951 3728 1073 3791 caeteros
1093 3720 1196 3770 damno.
1237 3720 1293 3790 [hic
1313 3718 1396 3772 Pala-

297 3806 364 3842 marn
383 3791 462 3841 docet
480 3805 549 3858 quae
569 3791 639 3840 scire
655 3803 714 3838 eum
735 3790 788 3839 ium
809 3789 874 3841 olim
894 3790 1057 3874 oportebatJ.
1078 3790 1210 3858 quomodo
1228 3790 1311 3859 igitur
1331 3806 1397 3858 per-

298 3862 411 3915 suadere
431 3861 584 3911 conabimur
612 3858 658 3911 tali
679 3874 765 3926 eoque
792 3860 843 3911 iarn
862 3863 956 3913 aetatis
977 3870 1105 3945 provecto
1126 3860 1201 3925 viro,
1220 3870 1268 3913 aut
1287 3863 1397 3913 omniuo

301 3931 432 4001 quomodo
454 3946 509 3982 non
530 3930 701 3997 insperabilis
724 3932 776 3981 erit
801 3932 834 3982 de
860 3932 920 3984 utili
947 3934 1019 3985 exitu
1039 3898 1201 4000 prospectae,
1220 3946 1400 4001 aequatura

299 4006 347 4057 liet
365 4001 469 4069 opera?
505 4010 592 4053 tamen
611 4002 675 4053 volo
696 4001 871 4068 pleniorem·
863 4020 891 4054 ια
910 4006 1039 4056 orationis
1058 4005 1135 4055 tuitio
1153 4018 1246 4055 eorum
1265 4020 1335 4073 quae
1353 4004 1400 4054 di.

301 4084 396 4127 centur
420 4074 560 4125 instituere
586 4073 635 4125 tibi
651 4075 873 4141 diopoaitionem,
902 4084 929 4127 et
950 4084 978 4127 to
1004 4076 1119 4127 edocere
1147 4090 1181 4125 ex
1208 4074 1275 4141 ipris
1293 4076 1403 4127 initium

291 4160 412 4213 ¹arrrueur
435 4143 601 4215 simplicibus
619 4145 761 4199 clementie
781 4154 808 4199 ct
826 4147 909 4214 tonia,
927 4156 958 4201 ut
974 4148 1093 4218 magistri
1105 4160 1221 4216 putarer,
1239 4162 1274 4201 ue
1291 4160 1405 4217 temper
