3017 4759
301 157 529 231 -nrsroanu
551 156 926 241 ercammarum.
943 144 1037 227 8.9.
1124 123 1129 128 ’
1184 154 1228 225 rs

128 329 329 409 πλατυτέραν
351 325 522 406 κεκτῆσθαι
539 323 597 406 την
612 326 803 407 παρρησίαν,
825 321 892 404 ἔχει
913 324 973 402 μὲν
988 322 1132 404 εὐλαβεῖς
1151 346 1231 402 συγ-

131 421 280 507 κρύπτειν
301 424 375 489 εἴτι
392 414 485 505 ἦττον
508 420 622 505 ἔτυχεν
640 424 757 504 ἐκείνης
780 421 912 504 ἔχουσα,
933 421 999 506 ἔχει
1022 426 1056 488 δὲ
1079 421 1133 487 καί
1153 426 1232 495 θεα-

129 530 323 608 τρικωτὲραν
338 516 399 589 ιῖπδ
423 527 481 589 τοῦ
504 526 649 605 μείζονος
671 522 750 606 πρὸς
771 513 891 607 1ἐκείνην
913 518 973 608 ἤδη
993 527 1155 587 ποιεῖσθαι
1177 520 1232 603 την

128 630 188 688 τοῦ
211 627 374 707 σχήματος
403 622 478 703 ἔξιτ’.
507 617 611 688 ὅπλων
643 621 704 707 γαρ
726 625 816 688 ἕνεκα
839 629 895 689 καί
924 627 1101 704 πολεμικῶν
1123 623 1231 704 ε’πιτη·

101 722 294 806 ὅδευμάτισν
316 725 369 788 καί
391 724 576 808 ἡγεμονικῆς
600 726 761 798 πολιτείας
777 724 879 807 η’βοὸν,
898 729 954 791 καί
975 720 1041 790 ὅσα
1060 726 1135 807 περί
1155 724 1233 804 ar’yo·

129 822 288 909 ρανὸμους
318 822 387 906 ἔχει
421 828 476 888 καί
498 822 718 902 δικασπόλους,
741 831 889 908 προέχειν
917 825 973 909 την
990 823 1233 904 Ἀλεξάνδρειαν

99 923 105 933 ”
130 922 199 1008 δοίη
223 947 271 999 τις
293 917 350 987 ἄν·
401 929 557 998 συνέσεως
589 927 624 989 δὲ
649 929 704 989 καί
730 923 905 1010 μαθήσεως
937 920 1032 1007 ἄλλης
1064 926 1103 989 δι’
1133 917 1172 1006 ἢν
1198 920 1231 988 τὸ
1307 954 1310 959 ·

121 1022 311 1090 κοινωνικὸν
341 1030 374 1102 ἐς
388 1020 538 1110 Ἕλληνας
569 1025 743 1110 α’ναφέρειν
764 1030 886 1106 μᾶλλον
910 1027 1160 1106 Ἀλεξανδρέων,
1180 1026 1236 1087 καί

129 1124 198 1203 ἅμα
222 1122 276 1187 διὰ
298 1125 354 1205 ’τδ
376 1130 432 1211 τῆς
454 1128 618 1207 ια’σεβειάς
649 1126 908 1211 εἰλικρινέστερον
930 1135 1064 1209 μακροῖς
1091 1131 1157 1200 τυίς
1176 1126 1234 1205 με·

82 1243 120 1297 ιο
129 1247 216 1308 τροις
231 1223 401 1310 ὑπερέχειν
421 1226 663 1309 Ἀλεξανδρείας
684 1218 822 1300 ἅπαντες
845 1220 884 1291 δν
907 1225 1235 1310 συγχωρησαιενΔα-

129 1322 261 1403 μασκόν.
312 1324 365 1390 διὰ
390 1324 428 1409 δὴ
451 1326 550 1389 ταῦτα
580 1331 635 1390 καί
654 1332 799 1411 τριετίαν
823 1320 900 1411 ὅλην
928 1330 1012 1413 αὐτῇ
1034 1350 1068 1408 τε
1090 1329 1145 1390 καί
1162 1333 1233 1399 ταῖς

130 1428 222 1510 πέριξ
243 1423 372 1493 πόλεσιν
394 1428 494 1509 ἡδέως
515 1425 642 1510 εἱλόμην
663 1430 881 1514 ἐνδιατρίβειν,
902 1424 1006 1515 ἄλλως
1025 1452 1059 1493 τε
1079 1431 1135 1492 καί
1154 1450 1233 1518 oyes

130 1520 191 1606 λὴν
213 1527 359 1607 πολέμων
382 1523 571 1611 ἀλλοφύλων
593 1526 648 1591 κατ’
667 1529 778 1612 φόβων
799 1527 952 1594 τοιούτων
974 1520 1234 1609 ἅδειανὲχοὺσης

130 1628 189 1707 τῆς
208 1626 265 1707 ric
289 1627 418 1713 ἑκανηε·
512 1690 519 1695 .

85 1736 122 1787 15
231 1724 365 1790 Ἐκεῖθεν
389 1728 551 1813 α’φικόμην
581 1731 612 1803 ἐς
640 1727 696 1803 τοὶς
718 1731 891 1813 παραλίους
920 1732 977 1811 τῆς
1005 1731 1154 1811 Φοινίκης
1177 1727 1274 1795 nri-0

126 1831 208 1899 λεις.
251 1824 306 1892 καί
328 1820 398 1889 ὅλον
414 1824 485 1902 ε”τσς
499 1824 532 1890 ἓν
553 1832 607 1891 καί
621 1832 661 1914 τῇ
681 1829 802 1893 τούτων
821 1826 988 1913 ἀνηλωκώς
1011 1824 1151 1916 ἱστορίη,
1171 1822 1238 1892 εἶτα

132 1920 247 2013 α’πῄειν
267 1927 313 2000 είς
330 1925 550 2008 Ἀντιόχειαν,
572 1929 664 1993 πόλιν
685 1933 836 2012 μεγίστην
857 1934 995 2011 Συρίας,
1016 1923 1054 2011 ἣν
1073 1927 1238 2010 Ἀντιοχος

132 2020 255 2089 ἔκτισεν
279 2022 294 2088 o‘
317 2026 474 2089 Σελεύκου
495 2032 554 2091 τοῦ
575 2034 646 2109 μετ’
670 2030 878 2112 Ἀλέξανδρον
902 2023 1053 2110 ἄρξαντος
1075 2026 1120 2111 μη
1141 2028 1237 2108 μόνον

133 2114 256 2206 Συρίας
285 2127 403 2211 ἐκείνης
434 2119 513 2192 ἄλλα
550 2131 605 2194 καί
634 2131 826 2209 Βαβυλῶνος
849 2134 903 2212 τῆς
925 2126 1164 2211 Σεμιράμιδος,
1184 2125 1241 2191 καί

86 2234 124 2291 20
133 2224 215 2306 πρός
236 2249 271 2309 γε
284 2226 466 2311 Ἀσσυρίων
491 2226 545 2292 καί
558 2231 697 2314 Περσῶν
719 2226 774 2292 καί
793 2226 929 2311 Μήδων,
952 2228 1006 2291 καί
1027 2222 1086 2291 ὅσα
1109 2226 1238 2291 Σούσων
1275 2275 1277 2294 .

134 2322 191 2389 καί
201 2323 398 2407 Ἐκβατάνων
426 2326 582 2395 ἐπέκεινα.
635 2327 752 2414 ταύτην
783 2329 871 2413 ἔγωγ’
895 2328 1018 2398 duorlar
1044 2332 1079 2397 ἐκ
1098 2329 1239 2406 παλαιοῦ

133 2422 169 2489 τὸ
193 2427 350 2513 σωτήριον
369 2428 515 2514 κήρυγμα
540 2429 667 2515 πρώτην
698 2427 799 2515 αὐτην
817 2425 896 2514 πρδς
925 2432 988 2495 τῶν
1011 2427 1106 2514 ἱερῶν
1127 2429 1239 2511 δεδεγ-

135 2762 196 2799 nam
218 2747 314 2799 sinon
334 2748 368 2800 ob
387 2749 474 2815 aliud,
500 2751 546 2803 vel
569 2759 679 2818 propter
698 2750 750 2803 boc
771 2766 870 2817 unum,
892 2751 963 2819 quod
980 2749 1080 2818 religio
1098 2749 1136 2802 ibi
1153 2751 1240 2801 maio.

136 2834 193 2885 rem
211 2817 362 2879 libertatem
382 2829 504 2874 assecuta
530 2830 584 2889 est,
610 2824 656 2889 pie
674 2824 791 2875 reticere
816 2822 899 2890 lieet,
928 2824 951 2874 si
976 2822 1041 2891 quid
1058 2823 1143 2876 minas
1163 2836 1241 2889 qaam

137 2888 187 2940 illa
212 2888 322 2943 habeat:
352 2902 460 2959 superat
483 2903 569 2946 autem
596 2893 669 2945 illam
689 2896 740 2945 iam
764 2895 931 2961 speciosiore
951 2894 1058 2945 'formae
1076 2909 1142 2959 snae
1160 2900 1242 2960 atque

135 2960 243 3013 babitus
262 2962 443 3029 amplitudine.
480 2968 559 3017 armis
579 2967 647 3017 enim
664 2967 813 3033 studiisque
831 2966 871 3017 rei
889 2965 1012 3016 militaris
1032 2973 1058 3015 et
1076 2965 1182 3031 imperii
1192 2964 1241 3015 ad-

135 3032 332 3085 ministratione
347 3043 425 3103 atque
439 3036 622 3089 aediliciorum
637 3053 775 3087 munerum
787 3046 867 3105 atque
886 3037 1042 3087 iudiciorum
1061 3035 1242 3102 descriptione

137 3101 327 3166 Alexandriam
352 3108 518 3173 superiorum
537 3124 598 3159 esse
629 3108 710 3159 facile
736 3103 795 3175 quis
819 3108 940 3171 dederit;
968 3106 1108 3174 prudentia
1127 3120 1194 3159 vero
1215 3112 1242 3157 et

138 3175 261 3228 doctrina
293 3175 398 3245 reliqua
425 3182 521 3246 magis·
544 3194 621 3246 quam
646 3179 844 3233 Alexandrinos
870 3178 978 3231 Graecis
1011 3177 1241 3247 appropinquare,

139 3246 291 3297 sinceriore
311 3257 451 3314 praeterea
471 3250 650 3319 religiositate
669 3250 826 3303 Damascum
854 3246 1020 3317 superiorein
1042 3265 1102 3303 esse
1120 3250 1243 3313 Alexan-

139 3316 197 3368 dria
218 3332 309 3370 omnes
333 3322 525 3374 concesserint.
565 3322 644 3375 hasce
664 3323 698 3373 ob
720 3338 827 3376 caussas
848 3337 899 3391 ego
918 3338 967 3389 per
985 3330 1040 3374 tres
1061 3323 1181 3389 integros
1192 3335 1243 3372 an-

138 3400 187 3440 nos
206 3388 244 3439 ibi
255 3396 336 3458 atque
354 3392 381 3441 in
401 3392 509 3446 urbibus
524 3394 772 3448 circumiacentibus
788 3394 944 3445 commorari
961 3392 1086 3446 lubenter
1105 3390 1242 3453 constitui,

139 3474 219 3526 quum
239 3464 397 3527 praesertim
416 3479 432 3514 a
451 3462 531 3518 bellis
550 3465 667 3517 externis
687 3474 713 3516 et
738 3466 869 3518 eiusmodi
894 3464 979 3516 turbis
998 3463 1046 3516 illa
1066 3471 1138 3517 terra
1159 3479 1241 3517 secu-

137 3530 242 3582 ritatem
262 3532 413 3599 praeberct.
465 3528 470 3544 ¹

239 3629 343 3681 Deinde
366 3631 398 3683 ad
416 3634 559 3687 maritimas
578 3633 658 3686 arbes
676 3633 842 3686 Phoeniciae
860 3635 989 3701 perveni,
1018 3635 1174 3700 inquorum
1194 3645 1243 3682 co.

143 3698 265 3767 gnitione
296 3718 374 3769 quum
394 3710 476 3756 totum
502 3722 597 3757 annum
617 3707 859 3773 consumpsissem,
880 3706 1050 3760 Antiochiam
1066 3704 1130 3767 abii,
1151 3702 1244 3756 urbem

143 3770 285 3822 maximam
304 3772 413 3839 Syriae,
441 3792 517 3845 quam
544 3778 661 3830 condidit
679 3778 846 3842 Antiochus,
871 3778 943 3830 iilius
964 3776 1089 3840 Seleuci,
1118 3776 1164 3843 qui
1184 3780 1246 3841 post

144 3840 328 3895 Alexandrum
349 3860 404 3896 nou
423 3847 509 3898 solum
528 3848 623 3914 Syriae
643 3850 807 3915 imperitavit
833 3849 880 3901 sed
909 3850 986 3899 etiam
1005 3847 1139 3914 Babyloni
1158 3863 1174 3899 a
1194 3845 1246 3897 Se-

144 3913 286 3965 miramide
312 3918 451 3983 conditae,
469 3928 616 3985 practerea
639 3920 758 3987 Assyriis
785 3920 874 3972 l'ersis
899 3920 983 3973 bledis
1016 3921 1150 3988 terrisque
1176 3916 1247 3967 ultra

147 3982 218 4036 Susa
239 3993 265 4035 et
293 3984 428 4039 Ecbatana
453 3991 611 4044 iacentibus.
656 3992 723 4044 hanc
749 3992 842 4043 urbem
861 4007 940 4060 quum
968 3991 1112 4065 antiquitus
1131 3988 1248 4043 salutare

148 4056 325 4125 evangelium
344 4061 453 4125 primam
474 4061 507 4112 ab
526 4064 590 4129 ipsis
604 4063 735 4131 apostolis
754 4065 892 4132 accepisse
910 4063 1083 4130 audivissem,
1101 4058 1248 4115 laetissimo
