3017 4759
301 172 374 247 5³6
605 178 830 249 nrcnrnom
857 134 1105 297 enmootn·
1137 214 1142 221 ·
1228 232 1233 241 .
1312 187 1319 196 ’

301 345 413 415 κανόσι
434 346 490 411 καί
510 346 620 430 νόμοις
642 345 916 428 συγκεχωρῆσθαι
928 344 1008 427 μήτε
1028 347 1071 431 τῇ
1086 348 1180 431 κοινῇ
1192 349 1263 411 τῶν
1287 348 1418 411 πολλῶν

301 450 455 538 συνηθείᾳ
478 448 774 533 προκατειλῆφθαι,
799 445 867 509 ἀλλ’
903 438 987 508 εἶναι
1008 447 1161 525 καθάπαξ
1186 448 1375 513 ἀλλόκοτόν
1391 473 1420 511 τι

298 554 412 639 χρῆμα
434 549 490 616 καί
508 549 592 613 πάνυ
613 544 907 633 τερατωδέστατον,
927 546 984 630 τὴν
1010 550 1073 611 τῶν
1094 548 1241 633 πατρίων
1264 549 1421 633 αἰσχρῶς

236 650 540 741 ΙΙάφαιροόμεναν
562 647 724 733 πρόνοιαν.
782 648 812 712 εἰ
847 640 904 711 οόν
931 646 987 712 τόν
1020 646 1189 731 όμῶνυμον
1217 649 1421 723 καθελόντες

301 755 357 837 τῆς
382 751 472 829 ἀξίας
495 750 675 815 Κάλλιστον
696 746 764 833 Ιτόν
793 747 966 833 Συμεῶνην
994 747 1275 833 ἀντεισαγόγωμεν
1307 742 1438 825 addreb

303 852 451 939 ἀφίξεται
469 850 525 935 τὴν
537 850 691 933 ταχίστην
703 852 870 931 καταβοῶν
884 850 1003 925 ἐκεῖνος
1014 850 1071 915 καί
1082 851 1296 934 κατατρέχων
1321 849 1418 934 ἡμᾶς,
1474 865 1475 882 ³

300 954 355 1017 καί
385 952 528 1017 ἀπαιτῶν
561 950 642 1035 ἅπερ
682 949 938 1035 ἧμῖνέδεδῶκει
972 953 1061 1042 δῶρα
1089 952 1147 1033 τῆς
1180 950 1419 1034 ἀρχιερατικῆς

302 1055 393 1133 ἀξίας
413 1053 504 1117 ἕνεκα
527 1053 648 1130 πάντα,
680 1056 720 1117 δι’
745 1049 831 1117 ὅσων
852 1049 946 1126 αὐτὸς
970 1053 1103 1135 ἐπρίατο
1124 1049 1191 1135 τὴν
1198 1051 1418 1136 μητρόπολιν.

301 1152 320 1219 δ
344 1154 382 1237 δὴ
404 1155 530 1217 πολλῶν
549 1156 652 1239 ξιφῶν
678 1150 894 1237 δριμυτέραν,
912 1156 994 1235 μετὰ
1018 1152 1103 1227 uduo
1123 1156 1254 1236 μακρῶς
1276 1156 1342 1236 τῆς
1366 1154 1416 1215 αι’-

251 1284 254 1292 ’
301 1254 427 1335 σχόνης,
446 1254 488 1338 τῇ
504 1255 568 1338 ἐμῇ
589 1254 714 1334 κομίζει
736 1255 833 1337 ψυχῇ
860 1250 916 1335 τὴν
936 1251 1071 1343 όδόκην·
1121 1250 1151 1315 οἱ
1174 1251 1320 1337 γὰρκαὶ
1340 1250 1449 1334 πρίνίλ

302 1355 347 1429 εἰς
371 1351 512 1431 ἐξέτασιν
534 1352 617 1417 ἰέναι
638 1350 695 1427 τάς
715 1350 794 1434 ἐμάς
826 1354 916 1427 δίκας
947 1354 1002 1432 καί
1026 1354 1111 1438 ,πρὶν
1133 1352 1415 1437 ἀνακαλυφθῆνιιι

300 1452 340 1518 τοὶ
360 1455 587 1540 προτεινόμενα
607 1457 684 1517 καθ’
704 1450 796 1537 ἡμῶν
821 1454 1010 1538 ἐγκλήματα
1033 1457 1153 1538 πικρῶς
1186 1450 1265 1537 ἡμῖν
1281 1452 1414 1535 ἐμβόλ-

302 1561 368 1620 λειν
392 1552 510 1618 οὗτωσί
528 1551 600 1629 τούς
621 1553 753 1629 ὀδόντας
777 1552 979 1630 ἀπειλοῦντες
1001 1554 1179 1630 ἐπίσκοποι,
1199 1554 1256 1617 καί
1280 1552 1314 1617 οἱ
1340 1553 1412 1635 μεί-

305 1658 378 1735 ζους
401 1656 464 1720 τῶν
487 1653 736 1740 προτεινομένων
758 1654 805 1722 ἔτι
824 1657 1014 1737 μελετῶντες
1042 1654 1205 1741 ἐπιφέρειν
1229 1655 1412 1739 λοιδορίας,
1477 1671 1478 1722 j

304 1755 453 1838 ἀσέβειαν
474 1754 533 1836 οὐχ
557 1752 659 1839 ἀπλῆν
680 1755 750 1819 τινὰ
776 1754 832 1819 καί
851 1757 1003 1838 μονοειδῆ
1030 1752 1111 1822 ἀλλά
1132 1755 1280 1839 ποικίλην
1301 1778 1341 1819 τε
1358 1753 1444 1817 καὶ15
1477 1783 1479 1826 t

172 1853 380 1919 redonavit
402 1856 662 1941 προβαλλομένην
693 1854 726 1919 τό
749 1856 920 1941 ἀφόρητον,
943 1856 1026 1929 τίνος
1056 1851 1105 1935 ἀν,
1119 1856 1286 1941 φείσαιντο
1308 1856 1411 1939 γλῶτ-

299 1980 355 2041 της
377 1958 421 2031 εἰς
444 1957 512 2041 φῶς
531 1955 738 2041 προηγμένων
766 1960 829 2021 τῶν
861 1954 1111 2041 θρυλλουμένων
1142 1956 1202 2038 μὲν
1232 1955 1352 2032 ἀξίωςι,
1378 1957 1410 2017 ἐν

236 2059 411 2143 Ιῐνέφεσι
432 2060 462 2120 δ’
482 2055 560 2132 ἴσως
580 2056 636 2120 καί
658 2059 843 2143 δισταγμοῖς
859 2056 925 2121 τισὶ
944 2054 1171 2142 κρυπτομένων
1190 2049 1248 2121 ἔτι.
1293 2053 1361 2139 ἐγῶ
1382 2056 1409 2116 δ’

303 2161 401 2223 ἐκεῖνο
422 2158 609 2241 τεθαύμακα
634 2160 697 2223 τῶν
732 2161 853 2223 σκαιῶν
871 2181 905 2222 τε
935 2157 991 2221 καί
1017 2155 1239 2243 χαιρεκάκυιν,
1276 2159 1351 2232 πῶς
1370 2154 1410 2220 τὰ

303 2252 426 2323 ἑαυτῶν
451 2258 572 2343 αἰσχρὰ
593 2258 847 2345 παρατρέχοντες
865 2267 931 2333 τοῖς
952 2259 1041 2341 ἐμοῖς
1064 2258 1170 2333 ἀτενὲς
1188 2258 1329 2342 ἐνορῶσι
1354 2255 1443 2319 uniti

302 2366 372 2434 ταῖς
396 2362 488 2440 ἐμαῖς
508 2360 729 2443 ἐπιγάννυνται
753 2359 946 2443 λοιδορίαις,
970 2360 1025 2422 καί
1040 2359 1180 2441 μάλιστα
1201 2356 1331 2420 πάντων
1353 2354 1407 2438 τὴν

303 2460 365 2521 τῶν
387 2459 636 2523 Μασσαλιανῶν
653 2481 711 2541 μοι
724 2510 728 2512 .
740 2458 1028 2541 προσονειδίζοντες
1053 2458 1194 2543 αἳρεσιν,
1223 2452 1335 2535 συχνὰ
1355 2453 1409 2517 καί

397 2558 403 2581 Ι
482 2560 492 2579 7
603 2559 609 2581 Ι
711 2558 717 2581 i
835 2556 845 2579 ³
1142 2557 1150 2580 b
1239 2558 1247 2580 t
1296 2554 1304 2574 ἱ
1379 2553 1389 2574 Ἰ

303 2562 452 2633 πολλακις
477 2560 733 2641 ενδιαβαλλοντες
753 2581 787 2621 τε
808 2582 846 2620 ου
871 2560 1074 2624 διαλείπουσι
1093 2582 1148 2621 κατ
1171 2580 1245 2643 περι
1265 2581 1327 2639 την
1349 2580 1405 2617 αυ-
1477 2637 1479 2682 Ι

1475 2703 1477 2778 i

301 2810 376 2861 tione
395 2823 486 2860 seeum
503 2808 676 2875 adduxerant,
697 2824 778 2862 unum
795 2812 911 2865 medinm
928 2813 1016 2865 risum
1034 2812 1077 2864 sit.
1096 2812 1237 2879 respondit
1255 2812 1348 2864 enim:
1368 2811 1404 2863 “si

209 2924 212 2927 .
301 2880 353 2933 duo
373 2888 451 2932 erunt
468 2896 520 2933 una
538 2881 564 2932 in
585 2879 727 2949 metropoli
746 2883 949 2951 metropoiitae,
969 2884 995 2936 id
1013 2900 1103 2953 neque
1131 2891 1285 2935 sanctorum
1303 2892 1405 2949 patrm

302 2952 447 3003 canonibus
467 2960 494 3003 et
511 2952 617 3021 legibus
637 2955 781 3018 convenit,
800 2971 890 3023 neque
923 2952 1051 3006 consueto
1080 2969 1154 3005 more
1179 2955 1331 3004 institutum
1358 2962 1405 3017 est,

301 3024 348 3077 sed
367 3023 449 3074 alieni
470 3025 592 3093 quiddam
611 3023 691 3076 habet
718 3032 744 3075 et
777 3040 884 3092 prorsus
903 3028 982 3091 miri,
1013 3034 1040 3077 et
1058 3027 1173 3093 turpiter
1192 3025 1281 3075 aufert
1301 3034 1405 3092 potrum
1477 2971 1479 3086 δ

303 3094 476 3147 uoluntatem.
514 3096 565 3146 iam
586 3110 651 3147 vero
680 3098 703 3148 oi
722 3098 830 3147 nomine
848 3097 926 3148 nobis
953 3096 1273 3165 congnatum‘Caliistnm
1305 3096 1405 3163 expui·
1475 3095 1479 3294 ρ

302 3167 399 3218 erimus
425 3181 535 3217 munere
560 3181 627 3229 suo,
653 3172 679 3218 et
705 3166 865 3233 symeonem
889 3184 980 3221 rursus
1000 3167 1211 3231 restituerimus,
1242 3168 1329 3218 statim
1360 3166 1405 3217 iiie

301 3251 360 3287 cum
379 3234 496 3285 clamore
514 3237 613 3288 ndmos
632 3238 785 3305 properabit
803 3254 906 3308 nosque
926 3239 1035 3291 vexabit
1052 3247 1079 3289 et
1102 3246 1229 3305 reposcet
1247 3236 1316 3289 dona
1334 3252 1405 3306 quas

301 3306 378 3359 nobis
411 3306 484 3357 dedit
501 3286 585 3373 >gnos
586 3307 732 3376 episcopali
757 3325 886 3374 munere,
917 3317 1013 3361 cuncta
1043 3310 1138 3377 quibus
1162 3308 1331 3376 metropolim
1354 3309 1404 3361 sibl
1476 3305 1477 3308 ’

303 3378 373 3427 emit.
412 3376 462 3426 hoe
483 3386 570 3427 autem
597 3378 717 3431 dolorem
748 3377 839 3432 multis
865 3379 962 3448 gladiis
989 3382 1118 3432 acriorem
1147 3394 1200 3431 une
1230 3395 1405 3447 magnacum
1477 3367 1479 3450 i

300 3447 409 3499 infamia
434 3446 500 3497 mibi
525 3450 636 3514 parabit.
684 3462 743 3501 nam
771 3452 891 3519 episcopi
917 3453 961 3521 qui
989 3450 1141 3519 priusquam
1169 3452 1202 3502 sd
1232 3451 1406 3503 examinanda
1477 3455 1478 3486 t

302 3520 413 3571 crimina
430 3526 492 3569 eant
512 3528 538 3571 et
556 3528 680 3588 retegunt
699 3538 740 3585 ee,
762 3525 893 3574 acerrime
912 3525 939 3574 in
958 3539 1001 3573 me
1021 3522 1142 3574 dentibus
1163 3521 1305 3585 frendunt,
1326 3524 1405 3575 etiem
1477 3497 1479 3622 φ

302 3590 393 3659 piures
414 3604 499 3645 novas
520 3590 637 3645 maculas
662 3592 727 3642 mihi
757 3594 876 3645 obiicere
902 3601 995 3646 curant
1018 3594 1179 3659 impietatem
1207 3594 1330 3643 nimirum
1352 3608 1405 3645 non

302 3663 424 3729 exiguam
436 3670 463 3712 et
476 3678 552 3714 unam
569 3664 615 3715 sed
630 3676 750 3732 maguam
767 3673 793 3715 et
807 3681 925 3732 pravam,
944 3666 1076 3733 quomodo
1094 3672 1202 3731 parcant
1213 3663 1323 3731 linguae
1334 3667 1362 3715 si
1380 3666 1405 3715 in
1477 3677 1479 3688 ι

300 3734 388 3785 lucem
405 3733 551 3797 prodibunt
570 3750 637 3803 quae
657 3750 727 3786 nuno
744 3751 841 3797 reuera
856 3737 961 3805 quidem
980 3737 1006 3786 in
1020 3751 1126 3787 rumore
1144 3736 1266 3798 haerent,
1284 3736 1334 3791 sed
1353 3752 1404 3787 nu·
1477 3765 1478 3770 =

299 3802 377 3855 bibus
396 3802 481 3854 adbuc
511 3814 537 3857 et
565 3805 779 3858 dubitationibus
807 3807 940 3860 occultata
963 3805 1046 3867 sunt?
1083 3807 1209 3874 equidem
1231 3806 1283 3856 boe
1303 3807 1331 3857 in
1350 3806 1403 3857 iliis
1477 3815 1478 3876 ξ

299 3872 423 3937 molestis
443 3882 470 3924 et
488 3875 629 3929 malevolis
651 3877 802 3929 hominibus
821 3880 965 3934 admiratus
987 3892 1064 3942 sum,
1083 3878 1154 3947 quod
1178 3878 1297 3943 ipsorum
1316 3878 1403 3944 turpi.

303 3944 402 3997 tudinis
421 3944 587 3999 immemores
610 3962 685 3999 meae
711 3950 837 4001 continuo
870 3950 1045 4012 inhaereant,
1074 3958 1101 4000 et
1119 3947 1319 4001 meis'maeuiis
1336 3963 1403 4015 gan·
1477 3975 1478 3986 ο

305 4018 393 4081 deant,
415 4023 441 4066 et
459 4030 523 4083 prae
542 4017 603 4069 aliis
622 4019 743 4073 omnibus
773 4020 806 4071 de
825 4021 1029 4075 iiasalianorum
1053 4018 1160 4072 haeresi
1184 4030 1228 4070 me
1252 4018 1402 4086 obiurgent.
1477 4031 1479 4076 i

306 4087 441 4141 enimvero
461 4088 555 4141 erebro
577 4096 604 4141 et
621 4091 747 4146 continuo
769 4090 964 4156 calumnientur>
976 4105 1255 4162 menequeunqnam
1271 4090 1401 4150 desinunt,
