3017 4759
201 292 205 301 ,
277 193 349 271 oto
580 212 801 281 arcaraoar
833 207 1061 278 canaonas

274 378 309 443 όὲ
328 401 377 454 τις
396 376 553 460 όιοιπαρία
573 383 639 453 τοῖς
661 384 718 455 [τε]
743 373 894 457 άκηκαόοι
915 376 984 449 παῖς
1006 368 1107 437 τάλλα
1130 378 1193 439 τῶν
1209 374 1391 461 ἐγκλημά-

270 502 334 546 των
357 477 480 543 ἅπαντα
502 478 536 541 ἐν
568 474 705 561 δευτέρῳ
729 474 862 557 θέμενος
892 474 984 560 λόγῳ,
1005 479 1052 561 τῷ
1074 479 1129 560 τῆς
1150 480 1395 561 Μασαλιανῆς

273 577 428 664 αἱρέσεως
460 578 745 663 ἕμπεφιλοχυλρηκε
772 574 913 658 μάλιστα
939 576 995 639 καί
1024 578 1100 660 περί
1131 583 1287 643 πλείστου
1318 602 1390 661 ,πε-

272 684 394 764 ποίηκε.
435 678 492 742 καί
514 673 604 761 ἄλλοι
632 680 692 760 μὲν
715 672 812 752 ἄλλα,
845 675 971 739 πάντων
998 680 1026 741 δ’
1047 678 1093 752 εἰς
1114 681 1172 741 ἕνα
1196 676 1328 742 σκοπόν
1349 674 1390 742 τό

275 780 378 864 πέρας
398 776 591 864 ἤθροιζενῆ
624 778 799 863 συμφωνιά
826 773 876 841 ότι
909 776 1047 840 παλαιὸν
1079 776 1168 864 αὐτῷ
1186 778 1319 863 νόσημα
1346 775 1413 845 όνῐι

231 910 233 917 ·
271 882 387 959 ronnei,
410 879 466 944 καί
489 880 643 955 πολλάκις
675 878 772 941 αἰτοῦ
802 880 1020 962 κατηγορηθὲν
1044 878 1101 943 καί
1132 879 1224 963 παρὰ
1244 883 1387 943 πολλῶν

274 980 457 1066 άλλοτρίων,
477 983 535 1044 νῦν
556 976 698 1067 ἄφυκτον
719 980 796 1060 ἔσχε
815 976 871 1061 τὴν
902 980 1036 1060 όίναμιν
1058 978 1078 1064 ἦ
1099 982 1305 1066 κατηγορία,
1331 979 1385 1046 ὅτι

273 1082 306 1143 ἐκ
327 1085 390 1145 ταῖν
412 1081 503 1146 ἔνδον
523 1082 579 1145 καί
598 1085 661 1144 τῶν
691 1082 816 1144 οἰκείων
847 1081 902 1144 καί
935 1080 991 1167 ἀφ’
1013 1074 1121 1156 ἑστίας
1142 1078 1160 1145 o‘
1180 1084 1237 1164 τῆς
1256 1084 1385 1157 κακίας

272 1180 461 1263 ἐξελήλυθεν
494 1180 639 1266 ἔλεγχος,
675 1178 718 1255 ὡς
753 1179 771 1243 ό
802 1183 865 1243 τῶν
893 1181 1076 1245 ἐπισκόπων
1096 1182 1331 1266 μεμαρτόρηκέ
1345 1205 1383 1246 τε

205 1280 327 1345 uxot*
357 1282 605 1364 όιεβεβαιιάσατο
637 1284 728 1367 λόγος
762 1285 811 1368 τῷ
839 1286 982 1364 βασιλεῖ·
1037 1281 1164 1367 ἔφασαν
1192 1281 1255 1366 γάρ
1279 1282 1324 1346 τά
1343 1292 1423 1346 τελλ)

274 1377 354 1445 άλλα
378 1381 462 1448 κατά
477 1386 533 1447 τοῦ
552 1385 754 1468 πατριάρχου
779 1382 808 1447 οἶ
827 1384 884 1446 τοῦ
900 1383 1123 1466 πατριάρχου,
1153 1383 1209 1447 καί
1231 1380 1276 1459 ὦς
1299 1380 1318 1448 ό
1339 1381 1379 1448 τό

269 1482 444 1568 μοναδικόν
470 1484 688 1569 περικείμενος
717 1487 849 1567 σχῆμα,
887 1484 1047 1566 Σκορπίος
1073 1483 1306 1566 τοῦπιίνυμον,
1339 1476 1380 1548 οἷν

145 1584 260 1640 Mffib·
272 1583 369 1660 πολὺς
392 1585 544 1661 πολλάκις
564 1586 671 1671 γέγονε
693 1585 785 1669 λόγος
804 1592 870 1660 τοῖς
890 1607 924 1647 τε
947 1580 1054 1659 ἄλλοις
1068 1585 1124 1648 καί
1142 1587 1287 1667 μάλιστα
1308 1593 1378 1661 τοῖς

271 1682 410 1771 ἐν”Αθῳ
432 1688 479 1771 τῷ
500 1681 571 1772 ὄρει
590 1684 646 1770 την
669 1683 803 1770 άσκησιν
822 1684 1038 1761 όιανόουσιν,
1055 1684 1112 1749 καί
1132 1677 1171 1748 οὗ
1188 1685 1291 1769 χάριν
1318 1686 1376 1749 ‹tii›

270 1786 326 1849 καί
346 1794 431 1869 τρεῖς
451 1810 514 1850 που
545 1788 764 1872 τομογριιφίαι
793 1790 848 1851 καί
875 1784 1034 1869 ὕπαιθροι
1066 1787 1252 1871 κατηγορίαι
1293 1795 1375 1873 παρ’
1387 1797 1417 1848 15

270 1887 399 1951 ἐκείνων
434 1888 468 1949 ἐν
491 1888 829 1951 Κωνστανιινουπόλει
863 1888 910 1973 τῷ
937 1909 972 1949 τε
1004 1887 1188 1971 πατριάρχῃ
1221 1888 1280 1951 καί
1307 1896 1377 1965 τοῖς

271 1986 456 2062 ἐπισκόποις
476 1987 700 2071 ἐπέμφθησαν,
720 1970 902 2071 μηνάοόσαι
933 1986 1079 2073 φρικώδη
1101 2010 1135 2051 τε
1158 1988 1214 2051 καί
1235 1994 1375 2052 πλεῖστα

271 2086 405 2173 μυσαρά
439 2088 495 2152 καί
515 2087 560 2171 μη
588 2088 686 2170 μόνον
713 2091 911 2171 χριστιανῶν
946 2086 1056 2163 άκσαῐς
1086 2086 1291 2173 άποτρόπαια
1317 2090 1376 2153 καί

272 2189 344 2252 λίαν
367 2188 498 2274 φευκτά,
525 2185 606 2251 άλλά
628 2190 684 2252 καί
703 2194 770 2262 τοῖς
787 2189 964 2271 βαρβάρων
995 2186 1187 2263 άθεωτάτοις
1208 2188 1375 2251 κατάπτυ-

203 2304 259 2356 22
270 2312 339 2379 στα.
382 2280 473 2363 οὗτος
496 2282 572 2365 σόν,
596 2290 705 2374 φασίν,
730 2285 819 2351 όπόι)
841 2289 876 2351 ἐκ
902 2288 1103 2370 Τριβαλλῶν,
1131 2286 1188 2351 καί
1209 2284 1287 2351 ὅθεν
1312 2284 1414 2360 iil-20

270 2390 366 2451 λοθεν
382 2384 440 2463 τάς
460 2386 597 2471 tattone
622 2393 761 2456 ποιεῖται
778 2387 913 2470 χρονίας
934 2387 1111 2469 διατριβάς,
1134 2387 1308 2470 ἐπιόημοίη
1328 2389 1373 2473 τῇ

274 2487 618 2564 Κωνστανιινουπόλει,
640 2486 727 2571 μόνῳ
751 2486 924 2571 Καλλίστῳ
952 2483 1122 2570 όμόστεγός
1149 2510 1184 2549 τε
1211 2487 1268 2550 καί
1289 2484 1371 2569 ὅμο-

272 2587 393 2663 όίαιτος
412 2572 538 2672 γίνεταί
551 2588 598 2673 τῷ
620 2588 822 2673 πατριάρχη,
854 2586 911 2651 καί
942 2585 1153 2672 μυσταγωγός
1173 2585 1229 2652 καί
1248 2588 1372 2672 μύστης

272 2932 350 2985 quam
368 2916 491 2970 audirent
511 2913 563 2981 illl,
583 2932 642 2969 enm
662 2926 759 2982 cancta
779 2918 833 2970 alia
850 2918 960 2970 crimina
980 2933 1034 2979 uou
1053 2926 1095 2970 sat
1112 2915 1369 2984 magniaestimuse

273 2997 300 3039 et
319 2987 364 3039 rel
385 2988 525 3057 plurimam
552 2988 714 3042 blasalianae
734 2990 854 3055 haeresis
882 2991 986 3041 crimini
1008 2989 1135 3041 tribuisse
1162 2989 1242 3055 idque
1261 2986 1368 3054 plurimi

270 3059 406 3111 habuisse.
448 3061 538 3127 itaque
567 3059 635 3111 alios
654 3060 722 3125 alia,
755 3076 847 3113 omnes
872 3076 942 3114 uero
966 3077 1019 3113 nna
1045 3063 1072 3111 iu
1098 3060 1148 3111 hac
1172 3075 1203 3110 rc
1222 3073 1367 3110 consensus

270 3145 348 3181 auam
366 3132 394 3181 iu
415 3139 529 3181 mentem
550 3132 707 3195 coniunxit„
726 3132 850 3184 haeresin
876 3132 950 3183 illam
968 3134 1020 3183 iam
1049 3132 1095 3183 diu
1114 3133 1292 3182 inveteratum
1311 3131 1367 3180 eins

269 3201 389 3252 morbum
410 3216 479 3264 esse,
500 3209 527 3251 et
546 3202 597 3251 ium
615 3218 697 3269 saepe
718 3204 743 3253 ei
768 3205 871 3254 crimini
890 3204 978 3254 (iatum
997 3203 1062 3270 ipsis
1081 3202 1114 3254 ab
1134 3202 1278 3253 extraneis.
1298 3215 1365 3269 qua.

270 3278 381 3339 propter
401 3280 464 3322 tuuc
480 3272 653 3324 firmissimam
673 3290 778 3325 causam
796 3274 920 3341 praebuit
946 3276 1121 3338 accusationi,
1145 3289 1224 3341 quum
1245 3272 1278 3323 ab
1295 3272 1366 3323 indi.

270 3344 347 3410 genis
368 3350 394 3392 et
412 3344 566 3407 domesticis
589 3353 615 3395 et
635 3344 809 3396 familiaribus
828 3347 972 3412 impietatis
991 3345 1161 3413 opprobrium
1180 3343 1278 3394 lactura
1296 3352 1366 3394 meet

270 3412 415 3465 secundum
434 3414 586 3465 testimonia
606 3424 633 3466 et
651 3425 816 3484 argumenta,
835 3433 903 3484 quae
923 3420 982 3485 regi
1000 3417 1033 3467 ab
1052 3417 1186 3481 episcopis
1205 3415 1364 3465 latuerant.

271 3484 440 3553 protulerunt
460 3485 528 3536 euim
550 3485 576 3536 bi
597 3487 667 3538 inter
688 3487 741 3538 ulia
762 3490 790 3539 in
808 3490 926 3555 ipsorum
951 3486 1137 3555 patriarcham,
1157 3485 1288 3549 addictum
1307 3501 1364 3535 esse

271 3572 330 3607 carn
349 3557 487 3610 solitariae
506 3559 691 3609 consuetudini
711 3558 876 3625 Scorpionis,
903 3560 936 3610 de
955 3573 1007 3627 qno
1025 3557 1107 3609 multa
1127 3558 1178 3606 iam
1198 3557 1304 3623 saepius
1322 3556 1363 3607 di.

270 3628 380 3697 uulgata
401 3629 512 3681 suntab
534 3628 595 3680 aliis
615 3638 642 3681 ct
658 3630 779 3696 inprimis
797 3630 830 3681 ab
859 3632 892 3679 iis
912 3631 957 3697 qui
976 3631 1003 3680 iu
1022 3628 1093 3681 Atho
1112 3634 1203 3677 monte
1221 3627 1364 3678 solitariam

271 3698 351 3751 vitam
371 3701 481 3768 degunt,
501 3708 528 3751 et
544 3708 654 3768 propter
672 3716 749 3769 quem
770 3701 821 3753 duo
836 3700 882 3751 rel
899 3708 955 3751 tres
973 3699 1035 3751 libri
1063 3707 1090 3750 et
1110 3697 1234 3765 publicae
1254 3713 1364 3749 accusa.

271 3772 359 3828 tiones
388 3772 420 3822 ab
455 3773 488 3821 iis
516 3770 815 3838 Constantinopolitano
846 3771 1013 3837 patriarchae
1053 3778 1079 3821 et
1104 3770 1239 3838 episcopis
1271 3770 1364 3820 missae

271 3850 361 3904 erant,
388 3840 554 3893 declarantes
579 3842 719 3893 horribilia
748 3849 775 3893 et
792 3842 907 3893 nefanda
924 3842 1027 3894 scelera
1054 3856 1109 3892 uon
1128 3839 1215 3891 solum
1235 3840 1363 3893 christia.

269 3914 362 3965 uoruin
381 3911 488 3963 ansibus
508 3913 601 3963 odiosa
619 3922 645 3964 et
664 3913 743 3966 valde
761 3913 936 3964 abominanda
954 3914 1002 3965 sed
1020 3914 1098 3964 etiam
1114 3912 1232 3964 barbaris
1250 3910 1363 3977 religio.

270 3986 311 4035 nis
331 3986 416 4035 omnis
434 3983 535 4051 ignaris
559 3985 655 4035 invisa.
700 3986 722 4035 is
745 3986 824 4047 enlm,
843 3986 982 4053 inquiunt,
1012 3984 1116 4052 quando
1146 3981 1302 4035 eTriballis
1320 3980 1363 4031 rel

271 4054 380 4106 aliunde
399 4054 444 4105 nbi
463 4052 582 4105 occultas
608 4070 656 4121 pro
681 4063 802 4121 tempore
822 4054 1000 4107 habitationes
1025 4055 1158 4119 habuerit,
1177 4054 1363 4108 Constantino.

271 4124 354 4195 polim
371 4141 401 4179 se
421 4124 550 4189 conferat,
572 4125 655 4179 solius
675 4126 781 4181 Callisti
799 4126 966 4194 patriarchae
988 4126 1184 4180 coutubemtlis
1209 4132 1237 4178 et
1254 4124 1363 4179 contic-
