3017 4759
289 230 512 297 msuomsn
540 228 800 299 anzimunm
818 232 940 299 xxvn.
961 215 1000 303 t.
1014 220 1052 301 5.
1156 226 1226 308 125

123 390 156 455 εἰ
174 397 241 464 τοῖς
265 390 459 465 δεσποτικαῖς
487 386 503 454 ό
532 395 617 476 δροόν
645 390 840 479 ἠκολούθησε
872 390 1019 477 δόγμασι.
1076 402 1229 461 δεσποται

125 493 154 553 δ’
175 482 216 553 όν
236 482 300 554 εἶεν
319 488 481 574 ἡγεμόνων
509 496 570 573 μὲν
601 496 656 557 κατ’
678 494 845 575 όρχόντων
875 492 967 576 νόμοι
999 495 1055 560 καί
1086 496 1229 577 στόθμαι

125 590 276 670 κανόνων,
298 588 445 675 όπηκόων
468 593 503 657 δὲ
525 596 581 658 καί
594 597 819 679 συρφετώδους
841 592 983 680 πλήθους
1007 595 1156 680 ἡγεμόνες
1177 596 1232 662 καί

125 685 300 773 ἄρχοντες,
331 690 376 766 ιός
396 693 436 778 εἰι
457 697 557 777 πηγῆς
588 697 651 759 τεόν
677 695 783 775 νόμων
804 694 889 778 ἔχειν
912 694 947 760 τό
980 703 1096 780 κριύειν
1123 698 1230 780 όρθοός

97 791 318 877 5όφειλοντες.
363 790 463 856 notit
483 794 542 874 μὲν
565 783 699 858 οόντιόν
722 796 893 876 δρωμένων
924 797 997 860 καθ’
1019 791 1121 861 ἑαυτό
1143 800 1226 860 θεω-

124 890 266 973 ρούμενα
282 894 395 974 λέληθε
416 894 473 975 την
493 896 548 974 τῆς
568 898 700 975 κρίσεως
721 899 894 960 κλέπτοντα
911 898 1050 976 βάσανον
1072 900 1126 962 καί
1146 895 1226 981 πρός

124 992 291 1075 αἰθερίους
316 993 468 1078 ἐξαίφνης
501 990 534 1057 ἐν
567 994 623 1057 οόκ
643 996 760 1060 εἰδόσιν
788 996 964 1081 ἀνέδραμεν
985 992 1121 1079 όμνους,
1145 1022 1226 1080 προ-

123 1090 298 1177 σειληφότα
327 1095 363 1158 δὲ
392 1094 448 1157 καί
477 1092 534 1179 την
557 1100 631 1177 μεθ’
660 1087 697 1179 ἧς
718 1100 883 1183 γεγένηται
914 1098 1079 1184 πρόφασιν
1098 1101 1226 1184 μυρίων

125 1193 213 1275 όροῖν
234 1189 402 1258 όπεόθυνα
428 1196 662 1280 οόποπίφανται.
705 1194 786 1260 α’λλό
810 1202 999 1281 προσθετέον
1021 1221 1078 1279 μοι
1097 1201 1227 1265 τουτουί

79 1312 114 1369 10
123 1296 180 1359 τοῦ
199 1296 289 1358 θείου
310 1294 427 1377 αὐδρός
446 1295 503 1360 καί
519 1294 555 1360 τό
581 1293 705 1373 τούτοις
729 1295 903 1363 α’κόλουθα.
934 1293 988 1363 “τί
1009 1299 1138 1385 ποιεῖς”,
1160 1325 1226 1387 φη-

123 1399 185 1475 σίν,
200 1388 391 1478 “ό’νθρωπι;
414 1393 582 1482 παρεδόθη
603 1395 710 1478 νόμος,
735 1400 791 1461 καί
803 1400 861 1461 οόκ
879 1401 1036 1487 ἐπιτιμᾷς,
1057 1401 1134 1465 citt
1155 1406 1224 1489 γίνη

123 1495 267 1577 χαλεπός
288 1495 426 1581 τιμωρός
450 1501 514 1563 ταῖν
535 1502 591 1562 τοῦ
615 1500 694 1563 θεοῦ
715 1498 841 1581 νόμων,
871 1497 951 1563 α’λλό
974 1508 1154 1581 κοινωνεῑςς
1172 1500 1228 1565 κατ’

124 1600 218 1660 ποίαν
240 1598 349 1684 σχοίης
369 1593 409 1662 όν
429 1594 634 1683 ουγγνιόμην,·
661 1599 705 1681 μη
725 1599 784 1682 γόρ
812 1598 827 1662 ό
848 1597 921 1673 θεὸς
943 1601 1073 1665 όκδίκων
1093 1601 1226 1685 χρῄζεις

123 1696 168 1781 w)
193 1695 255 1781 γόρ
274 1698 481 1783 βοηθούντων
513 1703 629 1782 δεῖτατ;
660 1703 728 1765 αλλ’
764 1700 927 1786 ὑπηρέτην
952 1700 1056 1765 αὐτοῦ
1074 1703 1227 1784 γενέσθαι

79 1818 114 1872 15
124 1821 162 1863 σε
182 1797 342 1880 βούλεται,
365 1802 418 1865 ἵνα
444 1803 614 1867 κάντεῦθεν
636 1802 672 1867 τό
699 1800 866 1889 φιλόδοξον
886 1802 1018 1891 δείξης.”
1056 1802 1147 1869 καλό
1168 1806 1228 1885 μό-

122 1921 183 1982 γας
205 1897 233 1963 δ’
256 1894 372 1980 όμοίιος
400 1905 499 1988 φησίν
520 1902 712 1978 Ἀθανοὶσιος
742 1902 785 1977 otc
816 1906 858 1965 ου’
877 1902 972 1985 μόνον
1006 1902 1039 1969 τὸ
1061 1901 1104 1989 μη
1127 1908 1229 1969 θόσαι

126 2002 256 2099 λίβανον
275 2006 416 2067 δείκνυσι
436 2001 604 2088 μάρτυρας
628 2004 710 2069 όλλοὶ
733 2008 789 2069 κατ’
808 2003 843 2068 τό
863 2002 908 2089 μὴ
930 2002 985 2088 τὴν
1008 2009 1113 2070 πίστιν
1128 2001 1228 2088 όρνή.

126 2106 270 2167 σασθαι·
297 2106 353 2167 κατ’
386 2104 447 2188 οόχ
482 2102 512 2169 οἱ
534 2108 694 2183 κλίναντες
713 2108 758 2180 εἰς
781 2102 898 2169 εἴδωλα
921 2106 1018 2185 μόνον
1038 2106 1230 2190 κατεκρίθη-

124 2226 185 2265 σαν
205 2200 249 2281 ιός
271 2202 447 2286 α’λλότριοι,
480 2204 561 2271 α’λλό
583 2204 637 2269 κατ’
658 2203 687 2270 οἱ
715 2204 948 2288 προδεδωκότες
977 2208 1036 2289 την
1061 2206 1227 2289 α’λὴθειαν.

78 2300 273 2386 υθἎβραόμ
295 2300 358 2390 γόρ
382 2301 398 2366 ό
422 2304 624 2391 πατριάρχης
641 2306 700 2369 οόκ
719 2306 904 2391 ἀναιρεθείς
920 2303 1137 2392 ἐστεφανώθη,
1158 2308 1228 2371 a'tt'

125 2397 174 2467 ότι
196 2402 306 2478 πιστός
325 2409 431 2489 γέγονε
453 2410 497 2492 τῷ
517 2410 600 2495 θεῷ·
643 2405 677 2470 οἵ
696 2431 730 2471 τε
752 2400 842 2471 ἄλλοι
865 2402 950 2490 όγιοι
969 2412 1102 2493 πατέρες
1125 2406 1180 2473 καί
1198 2404 1229 2473 οό

117 2501 184 2568 ’σόν
207 2504 331 2592 αότοϊς,
360 2507 435 2593 περί
466 2500 511 2573 σόν
544 2504 695 2574 όπόντων·
721 2510 740 2574 ό
766 2511 902 2585 Παῦλος
932 2510 1030 2595 φησίν
1053 2508 1228 2591 ἐπιλείψειν

199 2693 241 2747 10.
258 2697 463 2768 γρυσοστόμαυ
481 2696 561 2751 tx*
529 2716 577 2764 της
596 2696 748 2770 ἑρμηνείας
770 2694 869 2769 τοόρί
889 2698 1015 2770 ψαλμοί.
1072 2694 1114 2749 16.
1133 2695 1214 2751 is*
1181 2714 1229 2765 της

197 2766 351 2836 ἐγκυκλίου
368 2769 526 2833 ἐπιστολῆς.

125 2919 215 2965 rernm
248 2921 360 2966 eventus
378 2915 414 2967 sit
438 2915 558 2968 daminus
577 2917 688 2981 iudicat,
704 2917 752 2970 sed
770 2930 832 2967 num
851 2914 976 2967 voluntas
995 2928 1042 2965 sua
1062 2918 1155 2965 exacta
1180 2914 1225 2965 sit.

126 2983 195 3036 haec
213 2992 300 3036 autem
320 2986 419 3037 domini
439 2985 564 3039 veluntas
585 2987 662 3058 leges
691 2996 718 3040 et
735 2988 856 3039 instituta
882 2994 942 3037 sunt
969 2984 1173 3067 imperatoribus
1198 2992 1225 3035 et

125 3057 307 3141 principibus3
326 3057 430 3109 civibus
458 3066 484 3110 at
502 3059 574 3125 plebi
594 3060 770 3126 imperatores
792 3066 819 3109 et
838 3058 983 3123 principes,
1004 3056 1041 3107 ita
1059 3061 1088 3107 ut
1106 3056 1152 3122 qui
1171 3068 1224 3108 ve.

127 3128 181 3178 cati
201 3130 255 3179 sint
272 3128 375 3179 iudices
397 3130 471 3181 iente
490 3139 596 3182 utantur
615 3130 731 3199 legibus.
751 3138 778 3179 ct
798 3128 880 3181 multa
899 3127 1005 3197 quidem
1024 3135 1086 3179 suut
1106 3127 1225 3179 facinora

128 3213 197 3266 quae
221 3199 282 3251 dum
302 3215 351 3266 per
369 3216 399 3252 sc
423 3210 578 3267 spectentur
607 3202 727 3253 examina
744 3200 861 3252 iudicum
883 3199 964 3251 ieciie
983 3195 1127 3265 decipiant,
1146 3199 1224 3252 etiam

125 3270 276 3322 laudibus
267 3285 295 3322 ιιι
315 3272 421 3324 coelum
442 3272 585 3324 eiiciantur
603 3273 636 3324 ab
654 3273 797 3338 imperitis3
816 3271 976 3339 simulatque
994 3278 1082 3323 autem
1104 3286 1173 3339 quae
1190 3272 1224 3323 iia

125 3341 278 3394 subruerint
295 3344 414 3395 rationes
440 3346 565 3411 cognitae
584 3346 647 3408 sint,
666 3343 742 3395 iiiice
764 3343 839 3395 mille
857 3342 1085 3395 exsecrationibus
1105 3343 1224 3395 obruan-

126 3422 179 3466 tur.
227 3413 274 3464 sed
298 3423 420 3466 revertar
447 3417 480 3467 ad
500 3416 582 3468 verba
606 3380 657 3468 viii
687 3415 762 3467 iilius
790 3416 959 3466 sanctissimi.
1007 3414 1121 3481 ‚„hemo
1141 3416 1224 3479 dicit,

125 3486 190 3554 quid
215 3483 299 3569 agis‘t·
315 3485 391 3553 leges
411 3486 530 3539 violatae
549 3495 619 3541 suut.
663 3494 728 3538 tune
746 3487 828 3539 iudex
849 3487 992 3538 exstiturus
1012 3484 1061 3537 es?
1079 3501 1112 3536 au
1134 3485 1225 3539 viola-

125 3566 213 3609 torum
243 3557 333 3608 secius
355 3574 432 3625 quam
453 3574 566 3611 severus
591 3558 681 3628 legum
706 3559 854 3611 divinarum
876 3557 948 3609 ultor
969 3572 1028 3611 esse
1046 3555 1144 3608 malis?
1178 3556 1226 3610 sad

125 3644 195 3697 quae
214 3627 263 3680 tibi
282 3630 334 3679 erit
352 3629 453 3681 venia?
494 3631 618 3682 nimirum
636 3629 767 3681 ultoribus
786 3631 850 3681 deus
871 3644 925 3681 uon
948 3636 1010 3697 eget
1026 3643 1114 3697 neque
1132 3636 1225 3681 nostro

125 3698 239 3753 auxilie.
283 3700 330 3752 scd
349 3716 425 3753 sunm
443 3710 471 3753 te
491 3702 550 3755 vult
570 3718 631 3755 esse
655 3703 820 3765 ministrum,
840 3715 872 3753 εο
892 3708 922 3751 ut
939 3702 1066 3767 pietatem
1093 3697 1224 3753 declares.

125 3773 206 3825 etiam
224 3785 335 3840 magnus
354 3772 402 3825 ille
419 3773 581 3827 Athanasius
601 3788 655 3826 nen
676 3788 723 3826 eos
742 3738 895 3840 tantu’mqui
914 3779 973 3823 ture
991 3770 1082 3822 iacere
1100 3778 1227 3825 recusent

124 3850 256 3927 martyras
276 3859 336 3895 essa
355 3845 430 3909 dicit,
448 3844 496 3897 sed
517 3846 597 3897 etiam
617 3846 662 3915 qui
680 3846 827 3897 doctrinam
846 3858 919 3895 suam
937 3857 1039 3911 negare
1057 3841 1154 3895 nolint.
1173 3861 1226 3897 ue-

126 3930 180 3983 qus
199 3916 219 3964 ii
238 3921 337 3967 tantum
357 3882 483 3985 quiiiioia
502 3917 604 3968 adorati
625 3926 696 3983 sunt,
706 3924 768 3968 sunt
786 3913 919 3979 λιιλλιλολεε,
939 3914 1075 3966 sedetiam
1094 3916 1140 3983 qui
1159 3931 1226 3984 pro-

124 3986 250 4039 diderunt
269 3985 407 4039 doctrinae
431 3988 582 4039 veritatem.
618 4004 679 4040 nam
703 3987 855 4057 patriarcha
873 3986 986 4040 Abraam
1011 4001 1065 4038 uon
1085 3988 1129 4055 qui
1150 4003 1225 4041 mor-

121 4065 185 4109 tuus
203 4058 239 4109 sit
264 4071 312 4125 pre
340 4058 390 4111 deo
416 4058 463 4110 sed
483 4060 529 4126 qui
549 4059 637 4112 tidelis
655 4060 737 4113 inerit
755 4058 869 4127 palmam
887 4059 1002 4127 accepit
1040 4060 1119 4111 etiam
1138 4059 1225 4112 sancti

121 4140 214 4205 patres
234 4130 327 4185 etalii
347 4146 415 4204 ques
434 4144 527 4190 omues
548 4132 770 4203 commemorandi
790 4131 827 4191 St·
846 4130 946 4187 Paulus
966 4131 1032 4188 dicit
1049 4138 1152 4199 tempus
1171 4127 1223 4187 sttt
1317 4196 1322 4202 ⁸
