3017 4759
236 258 459 374 nrsromna
481 256 742 329 καλαμοεσ
759 262 866 328 xxix.
888 242 1076 329 [ιτ-49.
1136 254 1211 330 τεο

109 415 164 501 την
184 420 300 499 γνιόαιν
320 415 493 501 ἦράσαιτο,
517 420 572 482 καί
591 420 644 501 τῆς
665 440 699 498 γε
722 418 783 482 τάν
804 416 955 480 ποικιλων
975 418 1029 481 καί
1053 420 1213 483 παντοδα-

110 521 177 582 πῶν
198 516 395 601 πραγμάτων
416 541 447 582 τε
469 515 524 581 καί
537 517 635 600 λόγων
651 519 869 598 διδασκαλιάς,
894 510 967 581 ὅσον
991 512 1129 602 ε’φικτάν,
1152 515 1210 593 τάς

110 618 259 703 α’φορμάς
282 618 503 704 ἀνειλήφεσαν.
558 612 630 685 εἶεν.
652 616 712 702 ε’γοά
745 620 774 682 δ’
797 622 843 693 εἰς
862 616 915 682 τάν
936 614 1044 704 εἱρμὸν
1065 618 1212 699 ἐπάνειμι

111 721 165 783 τοῦ
188 718 293 801 λόγον.

84 836 100 886 5
203 819 240 884 Ὁ
270 819 331 901 γάρ
355 843 405 881 τοι
436 818 697 904 πατριαρχεάσας
725 818 902 896 Κάλλιστος
923 818 1003 901 μετὰ
1030 820 1086 905 τὴν
1109 818 1279 885 euroin

109 920 300 1003 καθαίρεσιν
322 919 377 982 καί
396 920 452 985 τὸν
473 924 518 995 είς
539 920 574 985 τά
599 920 827 1004 γαλατάναμον
850 922 1004 1006 φρούριον
1021 923 1084 985 τῶν
1105 925 1242 1002 Auri-f,
1255 944 1339 1005 1292,

113 1047 175 1086 νων
197 1025 354 1104 λαθραῖον
370 1018 514 1104 δρασμὸν
536 1024 664 1104 ἐκεῖνον,
686 1027 800 1105 καιροῦ
821 1021 899 1103 μετά
922 1019 1038 1107 χρόνον
1059 1022 1128 1088 τινά
1153 1049 1213 1089 το-

108 1124 176 1206 χιδν
197 1123 302 1209 λάθρη
323 1124 471 1187 κάκεῖδεν
491 1122 574 1212 ἐξῄει
591 1126 646 1189 καί
665 1128 698 1201 ἐς
713 1126 844 1190 Τένεδον
860 1126 1112 1208 καταπεπλεύκει,
1135 1133 1214 1193 Πα-

110 1223 262 1311 λαιολάγιρ
288 1227 332 1310 τῷ
357 1229 488 1305 βασιλεῖ
512 1223 720 1309 γαριζάμενάς
742 1250 775 1290 τε
803 1225 858 1290 καί
878 1225 950 1291 α’ντί
973 1228 1080 1311 διάροα
1100 1228 1212 1305 παντὸς

67 1328 100 1382 10
109 1324 143 1391 τὸ
167 1329 222 1408 τῆς
244 1328 277 1388 ἐν
298 1327 413 1414 καρδίη
438 1329 704 1410 θαλαμεοομδνης
722 1331 864 1409 σχέσεως
883 1328 1022 1406 κομίζων
1045 1326 1211 1414 διάπυρον,

107 1425 161 1489 τάν
180 1424 260 1508 ὑπὲρ
283 1423 385 1487 αὐτοῦ
408 1425 553 1509 δηλονάτι
575 1426 668 1509 ζῆλον
688 1424 791 1509 ἔργοις
811 1428 933 1503 αὐτοῖς,
951 1426 1006 1490 καί
1027 1427 1213 1513 α’φηγοάμε-
1238 1446 1248 1457 “

108 1548 160 1600 νος
181 1517 265 1601 ὅπως
288 1522 355 1603 igis
371 1524 557 1597 Ια’πολαοέιιι
578 1531 634 1609 τῆς
655 1527 889 1609 πατριαρχικῆς
902 1523 1046 1602 ἔξουσίας
1067 1528 1122 1591 καί
1143 1525 1212 1611 ἅμα
1249 1612 1253 1619 ,

107 1629 163 1708 τῆς
189 1627 457 1709 Καντακοοζηνοῦ
487 1620 711 1706 βασιλεύοντος
744 1627 906 1705 εὐμενείας
935 1622 990 1689 καί
1015 1626 1213 1711 εὐεργέτιδος

107 1725 242 1811 γνάμης,
267 1728 297 1791 εἰ
317 1726 464 1805 ἐβούλετο
489 1732 647 1789 κοινωνεῖν
665 1726 752 1813 αὐτῷ
772 1729 829 1807 τῆς
852 1722 933 1813 δπὲρ
957 1731 1135 1792 Ματθαίοο
1157 1730 1216 1794 τοῦ

65 1830 98 1883 15
109 1822 183 1888 οἱοῦ
199 1828 364 1908 βασιλικῆς
399 1822 615 1908 ἀναρρήσεως,
644 1821 662 1887 δ
684 1826 720 1889 δὲ
742 1822 780 1891 τά
805 1823 924 1907 ἔσχατα
946 1823 1083 1910 πάσχειν
1102 1830 1213 1909 εἵλετο,

108 1928 170 1991 τάν
189 1922 343 2013 πατρῴων
366 1924 626 2008 άντιποιοάμενος
648 1927 749 1991 σάτοῦ
771 1930 912 1993 δικαίων.
957 1929 1012 1993 καί
1030 1930 1060 1991 εἰ
1080 1926 1125 2012 μή
1151 1936 1212 1994 λα-

109 2032 210 2113 θραίᾳ
230 2031 317 2114 φυγῇ
329 2024 386 2111 τήν
400 2032 561 2111 σωτηρίαν
580 2025 726 2111 ἐπόριζον
748 2022 862 2114 ἐαυτῷ,
884 2027 1020 2112 τάχιστα
1045 2020 1084 2093 iv
1105 2032 1213 2115 ελρκτη

111 2129 258 2213 ζοφώδης
288 2130 343 2192 καί
375 2127 519 2193 θανάτου
546 2132 656 2210 βιαίαν
683 2134 796 2211 γείτων
822 2131 947 2212 ἐδέχετο
967 2133 1080 2194 τοῦτον
1103 2123 1213 2206 εάθιλς.

112 2232 169 2293 καί
189 2230 241 2292 ἵνα
261 2228 319 2293 τάν
340 2234 427 2317 μέσῳ
457 2233 610 2317 coneptu,
633 2221 706 2291 ὅλον
736 2227 883 2294 ἐνιαυτὸν
905 2233 975 2295 ε’κεῖ
992 2226 1154 2313 διηνακότι
1173 2230 1212 2294 τά

67 2333 138 2396 201'
160 2320 240 2393 άλλα
264 2333 327 2417 [τε]
357 2330 445 2414 αὐτῷ
467 2330 557 2395 πάντ’
578 2332 694 2415 ἐδρᾶτο
719 2328 758 2393 τοὶ
784 2326 1001 2413 πατριάρχαις
1021 2328 1138 2411 ἔθιμα,
1161 2332 1217 2395 καί

112 2426 329 2514 άμαγραφάς
358 2430 415 2493 οάκ
445 2431 554 2516 ἡμέλει
587 2432 722 2512 πέμπων
741 2432 954 2510 Βυζαντίοις,
990 2424 1062 2495 άσαι
1091 2427 1147 2512 τήν
1169 2430 1217 2503 εἰς

114 2528 212 2595 αι’τάν
234 2534 468 2619 ἐξετραγῴδσαν
490 2534 631 2615 α’δικίαν,
654 2529 710 2596 καί
727 2530 843 2615 μοιχὸν
863 2535 923 2613 μὲν
937 2533 1087 2619 προφανῆ
1109 2532 1214 2597 καλιάν

114 2881 196 2920 mare.
233 2864 296 2917 hinc
316 2866 431 2917 enimet
451 2865 520 2918 varii
538 2863 673 2918 fluxerunt
694 2864 844 2932 sapientiae
867 2864 955 2916 sontes
983 2871 1010 2916 et
1028 2874 1136 2919 veteres
1155 2867 1213 2919 dis.

115 2938 272 3006 cipiiaarum
298 2938 456 2988 inventores
481 2944 509 2987 et
533 2936 690 2988 coelestium
720 2945 747 2988 et
780 2936 945 2987 terrestrium
976 2950 1064 2987 rorum
1091 2939 1213 2989 notitiam

115 3016 244 3062 eruerunt
263 3016 290 3060 et
311 3008 444 3061 variarum
465 3016 492 3059 et
508 3006 707 3059 multiformium
725 3023 813 3059 rerum
833 3013 913 3074 atque
943 3008 1092 3059 orationum
1111 3007 1214 3060 doctri.

113 3098 175 3144 nae,
195 3080 282 3148 quoad
302 3080 359 3130 eius
378 3079 437 3131 fleri
462 3087 575 3146 poterat,
595 3094 688 3132 causas
713 3087 874 3131 sumserunt.
919 3086 994 3141 esto;
1025 3093 1075 3147 ego
1095 3093 1161 3130 vero
1181 3078 1214 3133 ad

114 3167 211 3203 nexum
233 3152 316 3203 redeo
336 3151 474 3202 orationis.

213 3246 278 3302 iiam
300 3248 345 3317 qui
364 3248 516 3315 patriarcha
542 3256 599 3300 erat
626 3245 754 3300 Callistus
775 3254 836 3313 post
863 3262 936 3299 suam
957 3248 1213 3301 excommunicatio.

114 3337 174 3373 nem
197 3328 224 3371 et
243 3320 434 3371 clandestinam
459 3320 533 3371 iliam
556 3320 584 3370 in
602 3317 743 3387 galaticam
763 3318 915 3370 Latinorum
941 3320 1085 3371 custodiam
1113 3320 1212 3389 fugam,

114 3392 194 3459 panio
214 3400 308 3458 postea
326 3392 447 3443 idoneam
468 3390 636 3442 occasionem
655 3398 765 3453 nactus,
793 3389 860 3442 clam
887 3390 949 3441 inde
969 3392 1055 3443 evasit
1076 3401 1103 3443 et
1124 3392 1213 3443 Tene.

114 3465 174 3513 dum
194 3464 256 3514 navi
277 3462 380 3514 abierat
397 3462 561 3530 Palaeologo
580 3462 639 3529 regi
659 3462 855 3529 gratificaturus
875 3469 902 3513 et
920 3477 967 3530 pro
987 3463 1057 3514 dono
1076 3464 1147 3513 omni
1167 3463 1213 3515 vi·

115 3534 203 3601 gentis
232 3536 260 3583 in
293 3535 380 3584 animo
405 3533 511 3587 habitus
530 3532 663 3599 praebens
686 3532 807 3584 ardorem
833 3540 859 3584 et
883 3549 913 3586 re
939 3536 998 3601 ipsa
1016 3549 1088 3585 suam
1107 3532 1213 3584 scilicet

116 3619 181 3670 erga
200 3602 275 3655 illum
295 3605 439 3658 ostendens
456 3607 587 3669 studium
614 3613 640 3656 et
660 3619 801 3669 enarrans,
821 3605 953 3671 quomodo
973 3604 1071 3657 liceret
1090 3603 1142 3655 irni
1161 3619 1212 3670 pa.

114 3673 275 3725 triarchicae
294 3684 427 3741 potestate
447 3687 474 3729 et
503 3678 581 3730 simui
608 3676 788 3731 Cantacuaeni
819 3678 956 3745 regnantis
973 3673 1166 3728 benevolentia
1187 3680 1213 3725 ct

113 3744 313 3807 beneficientia,
332 3748 354 3795 si
374 3747 459 3799 vellet
477 3750 633 3815 participem
655 3748 745 3799 iacere
765 3763 794 3799 ao
812 3748 1019 3799 renuntiationis
1037 3746 1071 3797 δε
1090 3746 1211 3799 iiathaeo

113 3817 191 3883 regio
214 3815 393 3880 alteroccae,
414 3818 457 3868 hic
481 3835 546 3870 vero
574 3828 692 3870 extrema
718 3818 773 3885 pati
798 3818 913 3871 malebat
942 3819 1043 3885 patruis
1067 3820 1212 3871 adversans

113 3888 170 3941 suis
190 3886 281 3949 iustis;
310 3894 336 3936 et
353 3887 406 3937 nisi
426 3888 591 3948 claudestina
611 3891 675 3958 iuga
693 3889 806 3943 salntem
825 3890 967 3957 praeberet
984 3890 1050 3955 sibi,
1071 3890 1211 3943 celerrime

114 3973 166 4026 ego
186 3957 305 4008 inclusus
325 3972 411 4007 essem
429 3959 457 4008 in
476 3960 610 4024 tenebras,
634 3970 660 4011 et
678 3961 771 4012 mortis
792 3959 930 4013 violentae
950 3962 1115 4029 propinquus
1135 3961 1212 4015 locus

113 4044 157 4080 me
175 4030 263 4079 statim
283 4028 444 4093 excepisset.
481 4037 561 4097 atque
581 4039 608 4081 ut
627 4031 659 4082 ab
678 4032 737 4098 ipso
756 4031 802 4100 qui
822 4033 850 4082 in
869 4033 1018 4085 meditullio
1039 4034 1148 4084 conciso
1167 4032 1212 4081 in-

113 4108 218 4169 tegrum
238 4115 335 4151 aunum
354 4099 392 4150 ibi
411 4107 587 4168 transegerat,
608 4118 687 4170 quum
712 4102 818 4170 reliqua
845 4104 932 4156 omnia
951 4106 1143 4172 proficereuter
1162 4117 1212 4169 pa-

113 4172 238 4225 triarchis
256 4173 354 4224 usitata
382 4178 409 4222 et
426 4172 507 4224 simul
534 4174 676 4226 accusandi
707 4173 836 4228 formulas
860 4188 915 4229 non
932 4176 1087 4245 negligeret
1104 4175 1212 4227 mittero

206 4269 372 4343 Nicephorum
391 4270 502 4341 (inpar.
528 4268 583 4325 t'ot.
604 4270 660 4326 m.
990 4270 1022 4327 17
