3017 4759
300 253 400 336 tto
664 265 890 337 memnoni
918 263 1150 334 canaonas

323 426 373 494 tsi
391 407 501 514 νόμον
520 422 632 513 odada,
655 429 751 513 θεόν,
774 432 906 512 δίκαιον,
928 427 1075 514 ι’σχορόν,
1097 423 1320 510 ματρόθνμον,
1347 424 1437 509 α’λη-

320 528 433 613 θενίν,
469 531 643 616 ἐλεήμονα,
667 531 722 596 καί
742 532 781 596 τά
806 529 1030 615 παραπλήσια,
1050 525 1269 611 πολεωνιίμεσς
1290 517 1312 612 ἢ
1336 529 1373 593 τό
1397 550 1435 612 γε

322 629 547 714 εἷεριβίοτερον
567 633 667 698 εἰπεῖν
685 630 901 717 tripodam,
921 629 1188 714 τατονομοὶζομεν.
1238 626 1287 695 τα“.
1307 631 1343 692 δὲ
1366 653 1433 694 τοι-

320 735 403 795 αῦτα
441 729 584 812 ὀνόματα
615 736 707 799 θέσει
738 729 864 808 πάντας
892 735 956 798 εἶσί
987 735 1042 797 ταί
1062 726 1101 795 orl
1124 728 1233 817 prices,
1270 728 1314 806 tic
1335 729 1432 813 ἤμείς

256 832 583 915 ῠοπροδεδειγομεν,
627 835 682 896 κατ’
708 831 726 898 ὅ
756 835 855 916 μέγας
883 833 1010 918 α’λλαχῇ
1033 836 1130 919 φησίν
1148 824 1344 904 Ἀθανιίσιος
1380 825 1455 894 dus

201 930 428 996 statumini
451 932 529 998 θεὸν
555 929 636 1000 εἶναι
660 935 809 1016 δεύτερόν
835 938 903 1000 ἐστι
939 936 991 1016 τῆς
1011 933 1151 1019 φύσεως.
1208 931 1262 996 καί
1286 927 1303 993 ὅ
1327 933 1431 1014 μέγας

322 1033 356 1095 ε’ν
385 1036 532 1121 θεολογίρτ
567 1038 596 1099 Γ
594 1032 742 1120 ρηγὸριος
772 1027 820 1120 ὅτι
852 1032 891 1098 ori
923 1029 1106 1121 pacigilsqi
1136 1027 1155 1115 ἦ
1185 1027 1344 1116 ἇπλότης·
1393 1029 1427 1095 sci

321 1136 380 1212 μὲν
400 1133 462 1215 γὰρ
484 1133 540 1216 την
558 1133 713 1220 &sarreria
732 1137 833 1201 ου’τοῦ
853 1136 1024 1219 παρίστησι
1042 1134 1192 1216 δύναμιν,
1215 1132 1248 1226 τὸ
1265 1133 1301 1196 δὲ
1320 1129 1358 1196 cci
1383 1131 1428 1214 μὴ

321 1227 401 1297 εἶναι
420 1231 580 1299 σύνθετον.
624 1232 809 1310 nutriminis
830 1235 929 1300 εἰπεῖν
950 1237 1043 1301 otidis
1062 1237 1126 1300 suiv
1146 1229 1311 1315 ὀνομάτων
1335 1234 1427 1296 ἐστίν

323 1325 340 1394 ὃ
362 1332 407 1414 μη
431 1331 579 1416 δεύτερόν
594 1336 662 1400 dors
683 1339 739 1418 τῆς
759 1335 849 1412 θείας
865 1333 1002 1420 φύσεως.
1044 1337 1334 1419 περιγεγραμμένος
1358 1329 1423 1415 γάρ
1437 1344 1464 1397 lt

321 1458 367 1508 τις
387 1427 461 1516 ὅρος
483 1437 594 1510 οιῖσίπς
617 1439 674 1499 καί
692 1433 823 1521 φύσεως
844 1441 961 1519 γίνεται
982 1429 1134 1518 τοῦνομα,
1158 1431 1224 1515 ἦθ’
1243 1434 1427 1517 ἀπερίγρα-

321 1557 397 1609 πτος
420 1533 523 1620 ίγείνη
547 1536 645 1621 φύσις
665 1547 879 1624 περιγραφαῖς
914 1534 1075 1618 ὀνομάτων
1102 1531 1265 1600 douleusis
1300 1533 1340 1596 osi
1363 1533 1425 1597 δί-

158 1635 170 1648 ’
255 1651 425 1702 torosos.
467 1636 524 1700 τισί
543 1641 577 1703 lv
597 1631 695 1724 ἑτέρην
715 1635 784 1700 δ’ὁ
817 1640 902 1712 θεῖος
933 1637 1113 1702 Νοσσαέοον
1138 1638 1168 1699 Γ
1166 1633 1316 1718 ρηγόριος
1347 1636 1426 1714 περί

320 1740 382 1800 τῶν
415 1737 521 1800 αὐτῶν
552 1735 718 1817 ίνομτίτων
746 1730 829 1802 οὕτω
867 1743 974 1822 φησίν.
1021 1735 1075 1801 ’ῐεί
1102 1738 1323 1819 προϋφέστηκε
1359 1737 1424 1798 ταῖν

319 1834 525 1920 ίιεργειοῖνὴ
550 1836 658 1916 odota,
680 1840 814 1916 νοοῦμεν
837 1838 873 1900 δὲ
904 1817 1141 1919 τὰς’ίνεργείας
1165 1837 1206 1898 δι’
1227 1822 1272 1896 οἷν
1297 1835 1424 1899 οἶσθα·
1433 1855 1461 1906 15

319 1934 454 2015 νόμεθα,
474 1931 598 2018 ῥήμασι
621 1939 656 2000 δὲ
679 1928 764 2011 ὅπως
783 1929 823 2001 ἂν
844 1930 867 2024 ᾖ
889 1937 1027 2002 δυνατὸν
1044 1939 1279 2020 ἐξαγγέλλομεν,
1302 1938 1351 2010 τίς
1375 1931 1422 2000 ἔτι

319 2039 544 2100 καταλείπεται
565 2035 666 2123 φόβος
687 2036 825 2120 νεώτερα
845 2043 907 2104 roto
927 2038 1122 2121 πραγμάτων
1144 2034 1184 2100 τὰ
1205 2031 1344 2117 ε’νόματο
1370 2038 1424 2100 λε’-

319 2161 404 2220 γτιν;
424 2138 456 2202 εἰ
470 2137 531 2222 γάρ
551 2137 597 2222 μη
622 2139 775 2224 πρότερον
798 2132 1010 2224 ἓρμηνεὺομίν
1032 2163 1063 2205 τι
1085 2141 1148 2202 τοῖν
1169 2136 1243 2221 περί
1262 2140 1342 2201 θεοῦ
1367 2145 1424 2201 λε-

318 2241 458 2321 γομίντσν
480 2243 555 2322 πρίν
577 2235 620 2304 τίν
639 2240 811 2326 rodomum,
834 2243 956 2320 νοοῖμεν
987 2241 1022 2303 δὲ
1044 2241 1085 2303 δι’
1109 2231 1154 2302 ὧν
1187 2240 1307 2304 ἐκτῶν
1329 2240 1421 2322 ε’νερ.

319 2341 412 2421 pescia
434 2338 671 2423 διδασκόμεθα,
701 2344 922 2427 προϋφέστηκε
945 2343 979 2404 δὲ
1012 2343 1067 2424 τῆς
1091 2337 1250 2422 ἐνεργείας
1274 2334 1291 2422 'l
1317 2336 1462 2406 odra-oo

210 2500 213 2507 .
319 2463 384 2520 μις,
410 2439 429 2522 ἦ
461 2441 497 2503 di
527 2437 663 2522 δύναμις
693 2441 860 2526 ἐξήρτηται
886 2443 943 2506 τοῦ
973 2445 1065 2505 θείου
1099 2437 1299 2523 θελήματος,
1324 2439 1361 2502 τὸ
1387 2443 1423 2505 δὲ

317 2538 464 2625 βούλημα
486 2542 521 2606 ἒν
545 2545 583 2627 τῇ
605 2545 734 2631 ίξοοσίρι
762 2546 817 2626 τῆς
839 2547 931 2619 θείας
951 2540 1116 2608 ἀπόκειται
1138 2539 1282 2628 φύσεως,
1304 2531 1357 2626 ἆρ’
1383 2539 1423 2605 οὖ

321 2825 385 2878 cino
405 2823 606 2895 cogitationem.
642 2828 814 2896 quamobrem
834 2829 967 2882 dominum
988 2841 1067 2893 cnm,
1086 2828 1173 2894 deam,
1192 2829 1299 2893 iustum,
1318 2835 1421 2896 poten.

319 2904 383 2963 tem,
401 2897 578 2965 clementem,
597 2915 701 2965 serum,
720 2902 930 2967 misericordem,
950 2900 1067 2968 taliaque
1086 2900 1187 2964 multis,
1206 2900 1275 2964 sive,
1296 2899 1325 2952 id
1345 2902 1420 2968 quod

319 2970 468 3022 accuratius
503 2971 613 3038 dicitur,
649 2972 711 3024 aliis
740 2973 892 3025 nominibus
920 2988 1055 3026 vocamus.
1099 2971 1163 3023 talia
1195 2980 1281 3023 autem
1309 2974 1420 3024 nomina

319 3042 427 3092 omnino
446 3045 639 3110 compositione
657 3060 746 3113 neqne
766 3059 831 3096 vero
844 3051 936 3097 natura
957 3053 1018 3096 sunt
1036 3043 1121 3096 iacta:
1140 3043 1210 3112 qnod
1230 3057 1311 3108 supra
1331 3058 1346 3093 a
1366 3060 1419 3094 no.

317 3111 359 3163 bis
379 3114 584 3173 demonstratam
604 3124 652 3168 cst.
691 3125 718 3169 et
735 3105 801 3170 alilri
820 3116 981 3170 Athanasius
1007 3131 1116 3183 magnus
1138 3115 1185 3177 ait,
1205 3106 1236 3168 τὸ
1258 3113 1335 3164 deum
1357 3131 1418 3166 esse
1491 3177 1492 3191 η

204 3238 210 3249 Ι
306 3184 462 3243 ιοοοαοιιίοτα
484 3193 525 3236 est
542 3200 558 3235 a
576 3195 679 3239 natura.
718 3197 745 3240 et
762 3204 873 3257 magnus
903 3189 929 3238 in
949 3187 1028 3240 rebus
1047 3188 1146 3238 divinis
1166 3184 1328 3253 quaerendis
1347 3187 1418 3238 Gre.

299 3251 430 3319 “go‘rinsr
455 3255 613 3322 simplicitas
641 3259 691 3310 deo
709 3275 764 3311 nou
785 3268 826 3311 est
846 3268 960 3323 uatum
985 3257 1098 3310 alterum
1127 3259 1196 3308 enim
1224 3257 1251 3306 in
1272 3271 1305 3308 eo
1324 3259 1418 3308 statuit

317 3322 371 3373 vim
391 3321 511 3388 videndi,
530 3326 614 3379 altera
633 3344 688 3382 non
708 3347 768 3382 esse
797 3335 906 3400 (unum)
927 3331 1109 3396 compositum.
1155 3337 1237 3396 atque
1256 3341 1310 3378 uno
1330 3329 1416 3380 verbo
1490 3349 1491 3395 η

316 3391 420 3444 nullum
439 3410 537 3447 nomen
556 3406 597 3449 est
615 3401 686 3466 quod
704 3416 759 3454 non
779 3403 923 3454 secundum
951 3403 987 3453 sit
1004 3416 1019 3452 a
1037 3408 1130 3461 natura
1148 3399 1247 3451 divina.
1298 3399 1417 3450 circum.

316 3465 431 3529 scriptas
452 3468 519 3517 enim
546 3470 738 3535 quodammodo
758 3474 818 3525 linis
845 3473 978 3526 essentiae
998 3479 1024 3522 et
1048 3479 1158 3522 naturae
1177 3477 1217 3521 est
1234 3484 1348 3520 nomeu:
1371 3469 1417 3521 iila

317 3543 405 3587 antem
423 3555 477 3591 non
491 3539 693 3609 circumscripta
709 3551 804 3596 natura
823 3543 1113 3608 circumscriptionibus
1126 3541 1262 3593 nominum
1281 3541 1417 3592 inservire

317 3621 371 3658 non
394 3619 492 3675 potest.
521 3619 547 3662 ct
565 3610 619 3662 alio
640 3612 702 3664 loco
732 3616 839 3667 divinus
863 3614 1007 3683 Gregorius
1032 3613 1166 3680 iiyssaeus
1195 3612 1228 3663 dc
1247 3611 1344 3662 iisdem
1364 3627 1416 3662 no.

317 3679 432 3733 minibus
451 3682 610 3734 haecdicit.
648 3685 671 3735 si
695 3686 769 3750 prior
788 3687 942 3738 efficientiis
963 3693 1019 3736 crat
1038 3685 1164 3748 essentia,
1186 3683 1346 3734 efficientias
1368 3699 1417 3733 au.
1488 3713 1489 3720 ε

244 3759 254 3769 ·
316 3756 370 3799 tem
391 3768 436 3803 eas
455 3753 641 3822 intelligimus,
662 3770 726 3821 quas
745 3757 988 3820 animadvertimus,
1009 3754 1055 3808 has
1074 3764 1171 3819 autem,
1191 3760 1323 3821 quatenus
1340 3752 1416 3816 licet,
1488 3785 1489 3803 ι

320 3821 411 3873 νειοῖο
431 3826 614 3890 enunciamus,
636 3827 681 3894 qai
702 3828 753 3878 iam
774 3827 934 3896 relinquitur
953 3829 1040 3891 timor,
1060 3842 1106 3878 cur
1124 3841 1178 3876 uon
1197 3825 1350 3893 posteriora
1371 3840 1417 3876 re-

317 3888 367 3941 bus
384 3896 502 3962 ,nomios
525 3896 664 3950 dicamus?
711 3899 809 3949 etenim
835 3902 858 3951 si
887 3914 940 3950 non
963 3905 1049 3950 antea
1083 3897 1244 3964 explicamus
1272 3896 1418 3963 quidquam
1487 3931 1488 3940 ι

318 3975 421 4028 eorum,
441 3980 509 4031 quae
528 3967 561 4018 de
580 3969 630 4020 deo
650 3969 782 4034 dicuntur,
807 3985 884 4038 quam
904 3969 1095 4037 intelligamus,
1116 3984 1150 4018 ex
1169 3969 1202 4018 iis
1221 3975 1310 4018 autern
1330 3967 1417 4019 intel.

316 4031 435 4102 ligimus,
458 4051 526 4103 qaae
545 4054 580 4090 ex
598 4040 751 4092 cilicientiis
779 4043 980 4109 cognoscimus,
1010 4039 1156 4092 efficientia
1174 4045 1261 4089 satem
1280 4038 1356 4104 prior
1376 4045 1418 4090 est
1486 4079 1487 4086 ,

313 4106 366 4170 vis,
386 4107 429 4159 vis
449 4116 538 4160 autem
555 4111 656 4176 pendet
675 4127 708 4164 ex
727 4110 867 4165 voluntate
886 4113 991 4176 divina,
1020 4111 1145 4166 voluntas
1167 4117 1254 4162 autem
1274 4111 1301 4159 in
1323 4109 1414 4161 iacal.

312 4179 367 4231 itte
385 4178 493 4234 divinae
513 4183 602 4252 posits
627 4191 671 4238 cst
688 4191 810 4254 naturae,
828 4199 919 4240 uonoc
941 4192 1033 4252 aperte
1053 4182 1256 4256 cognoscimus,
1275 4181 1409 4236 accedero
