3017 4759
255 112 304 191 24
496 172 500 176 .
561 114 787 185 aronnnonr
818 112 1048 180 canaonas
1109 149 1112 159 r

256 279 528 369 οἷντεφιλοτιμεῖτό
548 278 578 344 οἱ
609 279 663 343 καί
683 277 719 343 τό
742 276 837 341 πιστὰ
860 280 915 360 τῆς
942 274 1021 357 περί
1036 273 1071 339 τό
1096 273 1194 354 σέβας
1214 274 1366 360 α’ληθοός

256 387 401 467 ὁμονοίας
423 385 607 465 περιφανοῦς
630 380 806 459 α’ντεδίδου,
828 374 872 452 κός
887 378 1060 461 τηνικαῦτα
1083 374 1139 439 καί
1158 377 1213 439 τὸν
1233 376 1365 441 Ἀντιο-

279 490 345 561 είας
371 480 529 567 ἔγγραφον
549 476 668 545 ἑαυτοῦ
690 485 886 563 προενεγκεῖν
904 478 1014 558 τόμον,
1035 474 1205 557 ὁμολογίαν,
1219 480 1279 557 μὲν
1301 478 1362 559 τῆς

256 581 408 669 ορθοδόξο
411 607 435 646 υ
464 584 519 644 καί
552 583 656 661 κοινῆς
686 579 776 660 ἡμῶν
806 575 918 660 ἔχοντα
941 582 1090 658 πίστεως,
1113 574 1299 654 ἐκτέμνοντα
1321 579 1363 641 δὲ

258 688 422 767 Παλαμόν
446 683 501 766 τῆς
523 683 580 745 τοῦ
603 682 682 744 θεοῦ
705 679 869 762 ἐκκλησίας
900 702 944 753 ας
972 676 1054 741 νόθα
1077 702 1129 739 και
1126 679 1271 762 βίβηλα
1293 686 1391 742 πα-5

259 782 446 870 ρεισόγοντα
469 780 633 863 δόγματα,
664 778 761 859 τόμον
782 780 898 841 ἐκεῖνον
930 771 1091 861 δηλαδὴι
1074 800 1110 841 ον
1132 781 1166 841 ἐν
1184 778 1359 867 Βυζαντίῳ

257 882 459 965 συνετετόχει
484 879 595 963 παρών
618 879 684 944 καί
693 877 815 943 dandos
843 903 896 941 και
892 877 1207 960 συναγωνιζόμενος
1227 876 1358 967 ’ίοοόννη

214 1001 226 1009 “
256 987 297 1075 τῷ
320 980 500 1069 πατριόρχῃ
521 982 577 1045 καί
594 990 658 1056 τοῖς
674 1004 707 1063 γε
730 981 811 1065 ἄμφ’
833 980 931 1043 αότόν
950 976 1149 1061 ἐπισκόποις,
1172 974 1206 1041 τό
1229 979 1359 1061 ἰσχόειν

232 1082 369 1165 -όχουσι
390 1085 465 1157 τέως
486 1080 520 1146 ἔκ
540 1105 571 1144 τε
594 1084 651 1165 τῆς
674 1083 828 1164 α’ληθείας
856 1076 889 1143 ἔκ
911 1102 945 1141 τε
974 1082 1032 1141 τοῦ
1061 1079 1105 1159 μὴ
1130 1086 1280 1162 ’παρεῖναι
1303 1080 1358 1144 τὸν

259 1185 482 1263 ἀντιβαίνοντα
507 1182 791 1267 Καντακουζηνόν,
811 1173 861 1244 ότε
884 1178 923 1262 δὴ
946 1178 1000 1242 καί
1020 1181 1143 1260 πρῶτον
1163 1183 1408 1264 ἑπιφυεῖσανίθ
1440 1252 1444 1257 ,

258 1288 303 1373 τῷ
326 1287 459 1371 καθαρῷ
486 1288 562 1371 ληίιγ
592 1280 649 1365 τὴν
668 1282 761 1345 νόσον
783 1284 903 1365 ε’κείνην
932 1282 965 1357 ἐξ
988 1281 1086 1363 αότῆς
1114 1276 1201 1357 ἔδοξε
1222 1285 1358 1361 τέμνειν,

259 1384 303 1459 σός
325 1381 422 1465 ἔλεγε,
445 1379 594 1467 βλόστης.
645 1382 754 1446 τοῦτ’όν
785 1406 882 1468 φησιν
905 1383 1077 1445 α’νελίττειν
1097 1404 1132 1445 τε
1152 1384 1281 1459 ἐκεῖνον,
1301 1382 1359 1447 κατ’

259 1480 327 1564 ἅμα
361 1481 419 1558 τός
451 1482 640 1607 δπογραφας
669 1484 723 1566 τῆς
760 1476 986 1568 δμοφρυσδνηςΙ
1015 1482 1169 1545 δεικνόειν
1196 1483 1258 1547 τῶν
1290 1480 1358 1548 όσοι

259 1591 312 1670 τῆς
336 1586 511 1703 ἐπαρχίας
514 1582 634 1647 ἐκείνου
658 1583 870 1667 τυγχόνυυσιν
893 1577 979 1657 όντες
997 1586 1161 1649 ε’πίοκοποι
1183 1582 1238 1648 καί
1260 1607 1359 1667 πρεσ-

258 1684 401 1769 βότεροι,
426 1689 479 1747 καί
499 1680 642 1748 όσοιτιόν
665 1679 769 1761 όλλοος
794 1682 936 1765 λογάδων
956 1682 1012 1759 τός
1025 1682 1153 1767 γνιόμας
1176 1680 1258 1768 ἦσαν
1279 1710 1359 1769 συγ-
1369 1706 1406 1759 15

130 1793 249 1850 Μθδλι
259 1788 406 1865 κείμενοι.
423 1787 447 1823 “
461 1782 583 1859 τόότοις
606 1782 786 1867 ὁμόφρονος
800 1787 855 1848 καί
867 1790 925 1849 τοῦ
937 1790 993 1869 τῆς
1014 1785 1249 1869 Ἀλεξανδρείας
1272 1784 1358 1869 ἔλεγε

259 1885 469 1968 πεπειρᾶσθαι
493 1885 649 1967 προέδρου
673 1881 733 1947 σόν
747 1908 782 1968 γε
797 1894 863 1959 τοῖς
884 1885 937 1946 όπ’
959 1884 1045 1971 αὐτῷ
1063 1884 1264 1949 παντάπασιν
1285 1889 1360 1951 ε’πι-

259 1985 409 2069 σκόποις,
437 1984 492 2048 καί
522 1981 589 2065 ἅμα
618 1986 673 2049 τοό
694 1988 867 2070 τηνικαότα
889 1986 945 2069 τήν
973 1989 1036 2051 ταῖν
1053 1985 1284 2068 Ἶερυσολόμωυ
1305 1989 1359 2051 ε’κ-

260 2086 392 2168 κλησίαν
413 2088 583 2159 διέποντος.
639 2084 693 2150 καί
721 2086 829 2160 όπλοός
861 2082 997 2171 ἔφασκεν
1030 2080 1111 2150 εἶναι
1131 2088 1254 2170 μηδένα
1277 2078 1304 2176 ᾧ
1324 2088 1359 2150 τό

168 2244 173 2259 s
262 2188 413 2266 ε’πιτιμόν
437 2188 623 2265 Βυζαντίοις
654 2190 708 2269 τῆς
738 2183 772 2249 ἐν
795 2194 864 2268 τοῖς
894 2179 997 2261 οότως
1029 2183 1188 2269 ἀκινήτοις
1212 2186 1406 2267 εόκολίαςγρ

221 2287 321 2357 οοόκ
343 2280 381 2369 ἦν
405 2283 465 2349 α’νό
499 2285 612 2368 στόμα.
664 2283 717 2351 τόν
746 2289 775 2350 δ’
796 2286 1036 2368 Ἀλεξανδρείας
1066 2287 1196 2370 καὶτῆς
1219 2293 1360 2373 φυσικῆς

263 2383 428 2467 ἐθαύμαζε
449 2383 537 2468 μόλα
559 2392 725 2469 συνέσεως,
747 2386 882 2472 βεβηκός
905 2386 1041 2471 ἐχούσης
1059 2385 1094 2453 τό
1120 2389 1284 2470 ἐμβριθὲς,
1306 2392 1361 2452 καί

265 2476 339 2549 οότε
361 2484 439 2571 πρός
459 2490 582 2571 αόοριλτν
605 2492 788 2573 φιλοτιμίαις
808 2487 928 2575 ῥᾳδίας
951 2488 1177 2568 ἐλαυνόμενον,
1199 2479 1272 2570 ου’τε
1295 2484 1359 2571 μὴν

260 2790 369 2854 niteret,
388 2804 483 2853 nemo,
504 2790 567 2857 quin
585 2789 702 2857 henigne
723 2804 783 2839 enm
809 2790 947 2854 exciperet
966 2796 993 2839 et
1013 2790 1133 2841 certatim
1161 2788 1307 2841 honoraret
1329 2805 1361 2841 ac

259 2872 342 2914 verae
360 2860 422 2911 fidei
441 2862 600 2912 concordiae
618 2860 759 2911 manifesta
776 2860 889 2927 pignora
908 2860 991 2910 daret.
1028 2868 1082 2910 tum
1100 2861 1178 2911 etiam
1195 2860 1362 2914 Antiochiae

260 2931 413 2999 patriarcha
432 2933 559 2999 scriptam
578 2940 677 2982 tomam
696 2930 823 2996 protulit,
843 2932 887 2997 qui
908 2931 1112 2982 consensionem
1139 2931 1305 2984 orthodoxae
1331 2939 1358 2983 et

262 3004 407 3054 communis
426 3012 534 3053 nostrae
555 3003 617 3053 fidei
644 3002 815 3064 continebat,
841 3000 971 3051 Palamam
992 3015 1057 3052 vero
1077 3009 1108 3053 nt
1124 3004 1215 3067 spuria
1244 3010 1271 3052 et
1295 3016 1361 3068 pro.

264 3074 326 3124 lana
347 3074 471 3139 dogmata
490 3072 659 3124 inducentem
679 3088 712 3122 ex
731 3074 774 3124 dei
794 3071 911 3122 ecclesia
931 3071 1062 3122 eiiciehat‘
1075 3102 1111 3115 -
1138 3081 1236 3123 tomum
1255 3074 1362 3125 scilicet

262 3143 349 3206 illum,
364 3156 442 3207 quem
461 3144 656 3208 composuerat,
676 3158 755 3209 quum
774 3143 898 3208 Byzantii
918 3143 1023 3193 audiret
1041 3151 1068 3194 et
1085 3144 1224 3195 adiuvaret
1236 3144 1361 3195 loannem

262 3211 439 3281 patriarcham
458 3213 570 3279 einsqnc
591 3213 742 3278 episcopos,
762 3215 806 3280 qni
826 3213 980 3281 aliquandiu
999 3214 1153 3280 superiores
1173 3223 1249 3265 erant
1268 3214 1360 3266 obve-

264 3284 350 3339 ritatis
362 3281 525 3350 'vim,quam
538 3282 724 3334 'defendebant
743 3286 859 3351 etquod
879 3298 933 3334 non
952 3285 1053 3349 aderat,
1072 3285 1117 3352 qui
1137 3285 1170 3337 iis
1189 3300 1219 3336 se
1238 3300 1360 3352 oppone-

265 3361 317 3417 ret,
338 3352 556 3417 Gantaeunenus‚
577 3367 609 3403 co
629 3355 751 3405 nimirum
771 3363 910 3423 tempore,
930 3369 982 3423 quo
1007 3362 1110 3421 pestem
1134 3356 1211 3407 istam
1243 3357 1271 3406 in
1295 3370 1360 3422 puro

264 3440 330 3493 agro
352 3424 464 3490 primum
483 3432 695 3475 succrescentem
716 3428 851 3491 cumipse
873 3427 992 3494 germine
1013 3427 1207 3494 exstirpandam
1227 3443 1287 3478 esse
1311 3427 1374 3482 de„

267 3502 367 3547 cretum
387 3502 436 3545 est.
474 3494 526 3545 hoc
543 3502 614 3545 tomo
636 3495 746 3547 evoluto
767 3512 826 3547 enm
845 3498 883 3547 ait
904 3498 1053 3561 ostendisse
1080 3500 1158 3548 etiam
1184 3497 1361 3564 subscriptio.

265 3582 314 3618 nes
333 3566 512 3617 unanimitatis
526 3566 640 3616 omnium
659 3566 733 3619 illins
750 3569 908 3634 provinciae
928 3568 1114 3633 episcoporum
1135 3575 1162 3618 et
1187 3568 1360 3634 presbytero.

265 3652 322 3688 rum
341 3645 421 3705 atque
444 3635 557 3687 aliorum
578 3634 785 3689 lectissimorum
797 3640 926 3701 virorum,
946 3640 991 3705 qui
1011 3640 1039 3689 in
1058 3641 1361 3692 eademsententiasta-

266 3715 335 3757 rent.
380 3707 472 3757 eodem
498 3722 578 3759 sensu
597 3709 731 3774 praeditos
753 3717 780 3759 et
796 3708 976 3762 Alexandriae
993 3709 1144 3775 praesulem
1163 3726 1221 3761 cum
1241 3709 1362 3763 omnihus

269 3777 402 3844 episcopis
422 3777 446 3826 ei
466 3776 578 3829 subditis
599 3785 625 3829 et
646 3794 715 3842 eum,
736 3781 781 3848 qni
800 3788 853 3829 tum
862 3778 1110 3845 Hierosolymorum
1129 3781 1296 3848 gubernabat
1314 3796 1362 3833 ec-

268 3848 389 3910 clesiam,
409 3860 439 3898 se
458 3856 595 3914 expertum
613 3864 672 3900 esse
691 3850 758 3900 dixit
776 3858 855 3917 atque
876 3851 983 3899 omnino
992 3853 1126 3901 neminem
1145 3852 1240 3915 luisse,
1260 3853 1363 3903 cuinon

270 3917 445 3985 reprehensio
465 3918 682 3984 Byzantinorum‚
703 3921 774 3987 qnod
793 3922 820 3971 in
838 3921 918 3971 rebus
937 3928 989 3971 tam
1009 3923 1216 3976 immutabilibus
1233 3930 1306 3974 tanta
1321 3922 1363 3974 le-

272 3990 356 4045 vitate
377 3995 482 4053 essent,
502 3990 529 4040 in
545 4004 592 4041 ore
617 4004 721 4056 semper
748 3990 851 4043 inisset.
895 3990 1074 4046 Alexandriae
1101 4001 1189 4047 antem
1215 3993 1364 4061 praesulem
