3017 4759
247 269 468 338 msronnu
496 261 862 334 erasmianam.
884 243 1071 334 ttss-ta.
1148 249 1222 331 299

126 429 233 517 ὥσπερ
263 430 304 500 σύ
339 429 521 512 διαβάλλεις
553 423 688 512 άναίδην
718 430 945 511 συκοφαντῶνς
976 428 1220 510 χαρακτηρίζειν

75 594 84 610 ,
124 538 184 616 μὲν
207 531 269 618 γάρ
292 532 498 617 α’κηκάαμεν,
529 532 696 616 διαφέρειν
726 530 756 593 δ’
775 530 905 619 ου’δαμῆ
931 525 985 594 τδν
1011 532 1099 591 θεῖον
1119 519 1221 609 ἄνδρα

126 637 243 699 ἐκεῖνον
266 631 452 719 εύριόκομεν
481 635 620 716 λέγοντα.
672 635 702 697 εἰ
732 634 767 696 δέ
797 629 831 694 τὸ
860 632 1105 716 χαρακτηρίζειν
1126 628 1222 703 αύτύς

127 737 201 800 α’ντί
220 739 277 800 τοῦ
293 737 460 821 διαφέρειν
482 729 666 816 λαμβάνεις,
681 728 749 817 ὥρα
770 755 821 797 σοι
835 729 945 796 λοιπύν
967 729 1023 795 καί
1033 732 1223 814 χαρακτῆρα

101 840 186 900 droti
208 837 330 919 πατρδς
359 834 415 899 τύν
447 832 517 899 υἱὸν
549 838 605 919 τῆς
639 838 766 921 γραφῆς
797 829 941 896 άκούοντι
965 828 1128 917 λεγούσης,
1149 828 1222 896 α’νά·

128 960 219 1019 μοιον
241 934 298 1002 τάν
320 935 390 1001 υἱὸν
408 939 452 1025 τῷ
476 937 575 1021 πάτρι’
596 936 762 1022 κηρύττειν
786 938 839 1000 καί
855 931 1003 998 α’νούσίον
1025 923 1222 1022 καίσφύδρα

129 1033 287 1124 διάφορον
309 1037 365 1120 τῆν
386 1035 496 1123 φύσιν.
541 1040 612 1100 αλλ’
631 1036 676 1112 ὥς
697 1034 790 1119 ἔοικε,
815 1032 849 1101 τά
874 1031 972 1122 φύσει
994 1031 1091 1099 κακόν
1111 1035 1154 1110 ὥς
1174 1035 1224 1098 εί-

128 1148 218 1218 πεϊν,
240 1143 307 1203 ’καί
325 1138 361 1203 τά
392 1141 448 1222 τῆς
468 1131 613 1213 διανοίας
643 1131 729 1217 άπαξ
755 1142 866 1222 καίρια
900 1134 1063 1220 νενοσηκὸς
1085 1134 1140 1200 καί
1161 1137 1225 1200 τιύν

128 1243 225 1303 θείων
247 1242 432 1326 ἐπισφαλῶς
455 1237 639 1323 α’περροογός
662 1237 714 1303 διά
738 1243 843 1304 ταύτα
865 1239 1041 1321 δογμάτων,
1053 1237 1156 1327 χρόνῳ
1166 1234 1224 1321 τῆν

86 1338 190 1418 1Οέξιν
213 1341 271 1403 ούκ
291 1331 330 1404 άν
342 1342 408 1404 ποτ’
433 1334 680 1420 άποτρίψασδαι
701 1339 843 1419 δύναιτο,
866 1333 917 1402 δτι
936 1334 979 1440 μῆ
1005 1340 1061 1402 καί
1078 1335 1132 1422 τῆν
1153 1336 1226 1405 ἐσθ’

128 1435 181 1504 ὅτε
202 1443 261 1506 τού
290 1443 388 1505 καλού
419 1443 627 1525 προσποίησιν
656 1440 792 1522 τάχιστα
813 1441 1016 1526 ἀποσείεται,
1044 1439 1226 1522 πράγμασιν

128 1540 238 1615 αύτοῑς
253 1538 491 1624 ἐλεγχόμενον,
517 1521 793 1624 παλινδρομούσης
829 1542 884 1625 τῆς
918 1537 1047 1629 φύσεως
1068 1537 1123 1605 κατ’
1143 1541 1224 1606 άνα-

127 1643 352 1725 λαμβανούσης
376 1644 410 1706 ἐκ
432 1645 489 1706 τοῦ
521 1637 641 1728 ῥᾴστου
664 1637 697 1705 τά
726 1643 864 1725 γυῆσιου.
909 1642 962 1705 καί
982 1637 1076 1724 σύγε
1106 1639 1171 1725 μῆν
1192 1642 1289 1709 dm

101 1745 186 1824 pis
216 1743 260 1829 τῷ
288 1741 450 1830 γραφικάς
478 1739 662 1827 μαρτυρίας
693 1748 940 1827 προσποιεῖσθαι
978 1742 1134 1823 κομίζειν,
1166 1743 1225 1826 ούχ
1287 1801 1291 1806 ,

83 1857 118 1910 15
128 1845 226 1928 ύγιάς
247 1847 277 1908 δ’
299 1837 368 1925 οὖν,
388 1841 445 1929 τῆν
461 1841 558 1919 αύτδς
579 1846 700 1910 σαυτοῦ
720 1867 755 1928 γε
778 1845 921 1927 α’μαθίαν
941 1840 1022 1909 danda
1043 1847 1225 1928 ἐξελέγχεις,
1302 1923 1310 1942 Ι

129 1948 162 2009 ἐν
188 1948 223 2011 δέ
245 1949 288 2035 τῷ
317 1946 372 2010 καί
394 1943 474 2028 πρὸς
506 1946 669 2031 ἐπισφαλῆ
696 1949 751 2008 κατ’
780 1947 920 2031 δυσσεβῆ
952 1942 1094 2011 διάνοιαν
1125 1942 1226 2022 αύτάς
1320 2011 1325 2020 ,
1418 2000 1422 2010 ι

130 2049 336 2134 διαστρέφειν
365 2042 422 2130 τῆν
458 2047 575 2110 οἰκείαν
608 2045 653 2112 ἐτι
686 2045 866 2132 θεατρίζεις
894 2045 1070 2112 κακόνοιαν.
1123 2045 1227 2111 ούκέτι

126 2146 188 2234 γάρ
218 2148 397 2230 ἀνέλεγκτον
430 2147 461 2222 ἐς
481 2148 519 2210 τά
541 2172 576 2230 γε
599 2151 655 2233 τῆς
689 2151 798 2231 ψυχῆς
822 2144 984 2230 μυσῆτρια
1017 2145 1229 2229 καθευδῆσειν

129 2251 289 2329 ἐλπίζεται
311 2247 345 2313 ιδ
366 2253 420 2334 τῆς
441 2250 552 2323 κακίας
575 2247 756 2334 α’πάρρητον
778 2242 873 2332 άγος·
898 2245 1066 2332 ἐξερρύηκε
1089 2243 1149 2330 γάρ
1173 2247 1231 2310 καί

84 2346 119 2400 ²⁰
130 2353 370 2437 διαπεφοίτηκεν
389 2355 424 2426 ἐς
438 2346 529 2435 ἡλίου
546 2347 646 2430 αύγάς
668 2351 722 2412 κατ’
744 2343 812 2431 άμα
835 2351 866 2426 ἐς
878 2350 1022 2446 μυκτῆρα
1038 2344 1092 2412 κατ’
1110 2341 1228 2429 χλεύην

130 2445 272 2534 θεάτρου
305 2449 426 2535 μεστῆν
450 2451 600 2532 κωμικοῦ.
655 2452 709 2514 καί
730 2447 777 2535 ῆνι
793 2453 853 2531 μδν
877 2451 1005 2525 ἐδίωκες
1026 2445 1226 2544 άπολούλεκας

132 2549 228 2628 δόξαν
250 2548 330 2633 πρὸς
353 2545 484 2639 άδοξίαν
500 2549 707 2636 μετενεγκών·
760 2544 799 2636 ῆν
824 2553 853 2614 δ’
877 2550 1048 2628 ἐκάλυπτες
1072 2546 1228 2633 αἰσχύνην

134 2901 322 2966 efficientiam,
343 2892 420 2952 'sicut
441 2909 470 2951 tu
494 2900 563 2954 haec
587 2903 721 2969 pervertis
747 2901 915 2969 impudenter
934 2898 1111 2953 criminatus?
1131 2900 1228 2952 etenim
1276 2918 1279 2924 ¹
1300 2943 1305 2951 .

134 2972 264 3040 explicari
284 2973 391 3039 quidem
408 2980 527 3023 naturam
557 2973 591 3024 ab
610 2989 641 3026 ea
659 2974 825 3037 audivimus,
852 2972 959 3024 dillerre
978 2979 1065 3023 autem
1086 2987 1142 3022 eam
1161 2986 1228 3023 uus.

133 3060 212 3114 quam
230 3044 381 3094 invenimus
400 3043 530 3094 dicentem
550 3043 625 3095 illurn
648 3047 766 3097 divinum
787 3047 882 3096 virum.
920 3044 970 3093 iam
990 3043 1097 3094 verosi
1117 3051 1145 3093 tu
1166 3043 1229 3108 qui.

133 3117 193 3168 dem
212 3111 286 3165 illam
305 3121 415 3166 naturae
441 3113 647 3182 explicationem
668 3131 717 3183 pro
737 3115 888 3166 differentia
909 3114 1028 3180 accipis,
1047 3114 1099 3164 iam
1122 3113 1229 3166 esttibi

133 3185 286 3254 reliquum,
313 3201 371 3237 cum
391 3187 481 3238 audias
501 3188 658 3254 scripturam
678 3189 810 3238 dicentem
840 3186 1045 3252 explicationem
1065 3185 1147 3251 patris
1169 3199 1229 3237 esse

132 3257 226 3321 lilium,
246 3264 274 3308 ut
292 3257 448 3309 dissimilem
468 3258 550 3309 lilium
569 3259 638 3325 patri
659 3259 791 3321 enunties,
813 3266 843 3308 et
858 3259 927 3326 quod
947 3257 978 3309 ad
997 3264 1114 3308 naturam
1135 3257 1230 3308 attinet

133 3329 250 3382 essentia
269 3336 402 3381 carentem
423 3338 449 3380 et
470 3329 549 3381 valde
568 3331 712 3381 diversum.
750 3329 806 3393 sed,
828 3337 857 3380 ut
875 3330 990 3393 videtur,
1007 3329 1081 3397 ¹quod
1100 3335 1228 3380 enatura

133 3416 243 3469 pravum
265 3409 361 3467 est‚,ut
380 3403 417 3452 ita
436 3401 531 3463 dicam,
552 3409 578 3450 et
596 3398 680 3452 semel
699 3400 853 3467 periculoso
873 3402 968 3452 mentis
992 3399 1084 3452 morbo
1105 3400 1229 3452 allectum

134 3481 161 3523 ct
178 3480 319 3538 propterea
349 3472 448 3523 divinis
468 3473 598 3539 dogmatis
620 3471 759 3538 abruptum
780 3478 820 3522 est
841 3473 867 3522 iu
888 3487 1021 3535 errorem,
1041 3481 1160 3538 tempore
1179 3472 1230 3523 dc.

134 3542 193 3593 lcre
213 3542 328 3593 habitum
348 3543 417 3594 haud
437 3544 494 3595 scio
514 3558 546 3594 an
566 3559 698 3612 nunquam
714 3544 809 3611 possit,
828 3557 882 3595 non
900 3546 983 3612 magis
1003 3558 1079 3610 quarn
1098 3543 1229 3593 interdum

133 3611 250 3663 habitum
268 3613 374 3680 pulchri
402 3630 436 3664 ex
455 3616 532 3681 poesi
551 3614 654 3682 pellere
673 3622 780 3681 potest,
805 3615 946 3667 celerrime
970 3615 1103 3665 decutitur
1122 3628 1152 3664 re
1172 3615 1231 3680 ipsa

135 3684 284 3748 detectum,
321 3700 379 3734 cum
400 3693 495 3736 natura
514 3689 607 3738 redeat
627 3694 653 3737 et
670 3687 785 3753 recipiat
809 3686 937 3738 facillime
956 3699 1118 3754 germanum.
1157 3692 1183 3736 et
1202 3692 1231 3736 tu

135 3755 240 3822 quidem
259 3754 406 3806 simulando
434 3764 462 3806 te
479 3758 575 3808 aiicrre
599 3758 751 3809 testimonia
778 3759 892 3825 scripta,
918 3757 1011 3807 insane
1031 3755 1151 3822 quidem,
1171 3758 1229 3823 ipse

134 3824 273 3878 stultitiam
291 3833 361 3876 tuam
390 3826 461 3877 uitro
480 3829 599 3896 detegis,
626 3843 771 3898 quaecum
799 3832 877 3880 etiam
902 3829 929 3877 in
957 3827 1115 3880 sententiam
1135 3843 1230 3895 vegam

135 3905 163 3948 et
180 3897 286 3962 impiam
307 3905 463 3960 pervertas,
483 3899 533 3948 iam
552 3901 746 3967 improbitatem
763 3899 813 3950 tibi
827 3896 1089 3966 propriampublice
1109 3899 1231 3966 exponis,

133 3982 223 4036 neque
244 3967 313 4017 euim
332 3968 383 4016 iem
404 3967 517 4018 celatum
539 3972 609 4035 quod
628 3972 659 4023 ad
681 3972 761 4022 animi
786 3971 914 4035 mysteria
931 3972 1026 4022 attinet
1051 3985 1080 4022 se
1100 3971 1231 4022 dormitu.

43 4047 47 4067 ¹
134 4055 192 4092 rum
217 4045 307 4105 sperat
324 4037 463 4105 prauitatis
488 4037 576 4089 scelus
606 4050 747 4095 secretum.
796 4043 929 4093 emanavit
958 4043 1028 4092 enim
1048 4049 1074 4091 et
1093 4040 1232 4110 divulgata

137 4119 177 4165 est
196 4111 225 4162 iu
244 4108 310 4161 solis
329 4109 418 4160 radios
443 4108 577 4176 simulque
595 4113 622 4163 iu
641 4113 782 4164 ludibrium
802 4121 830 4164 et
848 4113 1046 4166 cavillationem
1066 4111 1162 4163 theatri
1183 4125 1231 4162 co.

135 4183 196 4233 mici
218 4182 398 4250 frequentem,
420 4186 447 4230 et
465 4178 577 4249 glorium
596 4198 673 4251 quam
691 4186 798 4252 assequi
816 4183 1092 4252 studebaspcrdidisti
1109 4189 1232 4240 mutatam
