3017 4759
288 177 371 271 ,οιο
457 168 460 176 “
598 135 823 293 mopsuoar
853 193 1084 264 eunoonsa
1161 131 1164 138 ¹

270 406 273 417 ι
296 383 358 427 σιν.
380 357 505 444 eutycio
519 361 573 426 καί
593 357 704 450 ίατρδς
721 362 869 436 πολλάκις
883 359 921 426 τά
939 361 1090 426 δοκοῦντά
1104 385 1166 428 τισι
1177 361 1224 446 μί]
1239 356 1324 430 εἶναι
1340 386 1407 448 κα·

296 459 445 546 τάλληλα,
466 468 567 547 ταῦτα
588 471 652 536 τοῖς
673 461 893 544 ὑποκειμένοις
913 461 1102 548 τραύμασιν,
1125 459 1168 539 ὥς
1187 459 1271 530 οἶδεν
1293 463 1404 544 αὐτὸς,

298 560 486 647 ἐπιτίθησιν,
506 564 599 627 ου’δὲν
620 564 728 646 ἓτερον
748 555 865 648 ἢπρὸς
888 563 947 648 τὴν
969 563 1075 646 ὑγείαν
1099 561 1250 646 ἔχωντδν
1272 568 1404 632 σκοπόν.

297 665 352 725 καί
373 665 565 728 διδασκάλου
584 666 620 729 δὲ
634 663 792 750 φρονίμου
812 662 925 748 τρόπος
944 655 1045 743 οὗτος,
1068 661 1145 749 πρὸς
1166 668 1203 730 τὰ
1221 670 1284 731 τοῖν
1306 669 1405 732 διδο.

138 775 149 782 ·
230 767 456 847 παιομένων
477 757 541 849 ἢθη
562 767 767 830 διατίθεσθαι
791 770 847 830 καί
864 773 980 831 λαλεῖν.
1005 763 1149 844 δνδμαια
1168 769 1244 848 γοῦν
1258 765 1321 833 ’καί
1342 768 1432 856 ῥη.5

296 871 472 944 ματα,κοί
494 859 568 930 δοαι
603 875 668 930 τάν
687 872 800 946 λε’ξεοιν
821 867 874 932 διά
899 872 1016 954 φωναῖν
1044 863 1150 941 άπλιός
1173 872 1227 932 καί
1245 870 1403 953 μραμμά.

297 989 358 1030 τοον
379 969 573 1050 σημαντικαί
589 971 652 1032 τοῖν
671 969 884 1063 ὑποκειμένοιν
908 970 1048 1052 γίνονται
1071 968 1275 1053 πραγμάτων,
1298 976 1403 1038 ἐνίοτε

120 1074 124 1081 ’
167 1064 355 1149 f·146t·prsa
374 1069 447 1132 καθ’
467 1065 652 1151 ὁμωνυμίαν
665 1060 706 1133 ’ἑν
728 1067 897 1155 διαφόροις
919 1069 1106 1154 α’διαφόριος
1126 1070 1403 1155 παραλαμβάνον-

268 1169 349 1233 ται
365 1155 559 1251 πράγμασιν,
585 1167 683 1234 ἐνίοτε
706 1173 742 1235 δὲ
770 1173 837 1234 κατ’
868 1168 1072 1250 α’ντοονυμίον
1099 1173 1132 1234 ἒν
1147 1173 1274 1252 μειζοοί
1289 1196 1321 1236 τε
1345 1173 1404 1237 καί

298 1265 463 1333 ἐλάττοσιν
486 1267 662 1355 ὁρωμένην,
683 1269 739 1334 καί
758 1263 818 1335 ὅσα
839 1263 941 1346 ἄλλοις
961 1270 1015 1338 τὸν
1038 1267 1148 1352 ὅμοιον
1176 1271 1244 1355 ἔχει
1266 1270 1447 1360 τρόπον,1θ

298 1371 397 1436 ἐνίοτε
417 1372 453 1434 δὲ
474 1375 548 1436 καθ’
567 1368 626 1437 ὅσα
663 1367 849 1453 ουιάνυμόν
872 1397 939 1448 ποις
962 1371 1017 1456 την
1040 1374 1188 1456 σχετικὴν
1215 1375 1320 1440 αἰτίαν
1347 1401 1404 1440 κε-
1434 1409 1439 1432 ι

264 1485 266 1489 ’
295 1469 474 1556 κληρωται·
518 1477 592 1537 καθ’
611 1473 650 1558 ἢν
672 1473 831 1558 δήπουθεν
852 1472 906 1538 καί
927 1472 962 1538 τά
984 1473 1054 1538 ἴσον
1077 1472 1136 1564 ἴσην
1150 1478 1322 1558 συμβαίνει
1346 1483 1404 1543 λε’-

294 1577 407 1657 ηιεοθιιι
430 1571 517 1655 ἴσον,
550 1575 607 1639 καί
635 1573 689 1640 τόν
722 1579 816 1662 φίλον
836 1573 918 1662 φίλιρ
939 1575 1050 1660 φίλον,
1080 1577 1136 1640 καί
1168 1571 1270 1641 διιόιια
1292 1577 1402 1662 δήπου

295 1672 512 1758 παραπλήσια,
533 1675 577 1753 οὖς’
596 1678 742 1758 γίνεσθαι
765 1679 1015 1759 ιιολυοχιδῆμὲν
1037 1678 1071 1740 ἕν
1090 1685 1154 1751 τοῖς
1174 1679 1403 1762 μεριζομὲνσις

209 1835 214 1846 ,
296 1773 463 1857 πράγμασι
487 1776 543 1859 τήν
567 1777 674 1840 ου’τοάν
704 1779 922 1857 ι’διοτροιιίοιν,
945 1777 998 1840 ἐπί
1018 1779 1052 1842 δὲ
1075 1765 1155 1841 θεοῦ
1174 1781 1324 1862 μονοειδῆ
1346 1781 1445 1845 sterile

297 1875 571 1956 α’μίριστονίκατά
593 1874 650 1958 τήν
669 1877 727 1940 τοῦ
747 1871 818 1950 isis
841 1876 1050 1958 ὑποκειμένου
1075 1875 1229 1962 δῆλωοιν,
1253 1882 1331 1962 λέγω
1360 1877 1400 1962 δη

295 1971 350 2057 την
368 1975 472 2060 άμερῆ
503 1974 558 2040 καί
584 1973 822 2059 ἀσχημάτιστον
844 1980 901 2041 καί
921 1975 1058 2062 α’όρατον
1080 1977 1217 2060 ἐκείνην,
1239 1973 1305 2063 ἥτις
1326 1988 1401 2045 ποτ’

296 2077 391 2160 ἐστίν,
414 2068 512 2141 οὖσαν
535 2079 666 2141 ου’σιάν·
718 2073 757 2161 ἢν
776 2078 985 2162 ψυχστρόφσν
1005 2082 1141 2159 λοιμῶνα
1165 2084 1222 2144 καί
1242 2081 1401 2164 άληθείας

296 2175 444 2259 θάλαμον
469 2201 516 2254 τις
536 2181 672 2253 καλέσας
691 2181 748 2244 οὐκ
771 2169 830 2258 άν,
854 2172 961 2260 οἶμαι,
984 2175 1130 2260 άμάρτοι.
1174 2173 1209 2244 ’ἓν
1228 2181 1289 2262 γάρ
1313 2170 1401 2246 οὖσα

228 2293 282 2346 Μ
296 2283 423 2364 κυρίως,
444 2283 531 2361 μὲνὲι
555 2283 704 2366 διηνεκοῦς
725 2285 758 2346 ἐν
779 2286 820 2371 τῴ
844 2277 902 2368 ἔνι’,
924 2284 1045 2362 μάλλον
1066 2281 1095 2344 δ’
1110 2282 1206 2345 elassa
1228 2278 1261 2344 ἐν
1283 2274 1444 2369 ἓοιυτῇ·20

295 2379 352 2444 καί
371 2381 524 2463 μεριστάς
546 2386 726 2468 πεφυκυίας
745 2381 803 2460 τάς
828 2384 983 2468 ἡμετέρας
1006 2383 1136 2469 νοήσεις,
1158 2388 1214 2448 καί
1238 2384 1400 2470 διάφορον

295 2477 354 2564 τήν
376 2479 546 2566 περιολκην
561 2485 636 2565 περί
653 2484 770 2548 ἕκαστα
792 2485 855 2549 ταῖν
876 2485 1073 2568 πραγμάτων
1087 2481 1325 2568 λαμβανούσας,
1350 2484 1399 2558 εἰς

293 2585 372 2665 μίαν
392 2579 463 2650 τινά
486 2585 542 2651 καί
562 2576 747 2667 α’διάκριτον
767 2587 823 2649 καί
836 2584 955 2661 ταάιας
974 2584 1083 2670 νόησιν
1098 2591 1255 2671 συναιρεῖ,
1275 2582 1320 2660 ὥς
1342 2587 1399 2668 μί-

298 2864 339 2914 ea,
360 2863 429 2917 qune
446 2849 581 2902 nonnullis
593 2864 647 2902 uon
659 2864 719 2901 csse
731 2857 791 2916 apta
807 2851 940 2914 videntur,
962 2849 1105 2901 tractandis
1117 2841 1274 2901 vulneribus
1295 2859 1328 2898 ex
1348 2859 1398 2900 ntra

297 2921 452 2990 cognitione
465 2919 586 2990 imponit,
596 2919 663 2973 nibil
674 2919 746 2973 alind
760 2935 835 2990 quarn
851 2921 1031 2974 valetudinem
1045 2925 1177 2986 spectans,
1196 2927 1222 2970 et
1232 2926 1397 2986 praecepto.

296 2993 334 3046 ris
354 2993 490 3060 prudentis
510 2991 651 3044 consilium
667 2999 708 3044 est
726 2992 787 3057 boc,
807 2999 836 3044 nt
853 2993 886 3044 ad
904 2991 1095 3058 discipulorum
1107 3003 1194 3041 rnorcs
1214 2987 1284 3041 rlioat
1304 2996 1331 3040 et
1349 2988 1397 3040 1ο.

297 3072 401 3131 quatur.
421 3065 528 3116 nomina
549 3065 654 3131 quidem
674 3071 700 3115 rt
717 3063 801 3116 verba
821 3069 846 3114 et
860 3077 1035 3132 quaecuuque
1052 3075 1134 3114 voces
1152 3062 1225 3114 souis
1240 3061 1348 3111 omnino
1370 3069 1397 3112 et

296 3133 385 3187 literis
405 3133 557 3200 significant
570 3151 615 3186 res
633 3137 794 3202 suppositas,
808 3135 939 3186 interdum
952 3141 1114 3200 usurpantur
1125 3133 1269 3184 secundum
1284 3130 1395 3182 eandem

299 3204 522 3270 significationem
551 3203 577 3254 in
597 3204 711 3258 divorsis
730 3207 810 3257 rebus
830 3207 888 3257 sine
909 3202 1072 3268 discrimine,
1098 3204 1229 3255 interdum
1249 3203 1396 3254 secundnm
1421 3203 1425 3223 ¹

297 3275 430 3327 diuersam
449 3274 672 3343 significationem
693 3292 761 3344 quae
780 3278 808 3328 iu
827 3275 971 3328 maioribus
997 3281 1023 3326 et
1041 3274 1187 3326 minoribus
1217 3275 1346 3337 cernitur,
1370 3281 1397 3324 et

297 3359 474 3415 quaecuuque
493 3351 632 3412 practerea
651 3348 763 3399 similem
790 3349 930 3400 admittant
949 3347 1094 3410 rationem,
1114 3345 1244 3397 interdum
1263 3351 1395 3412 quatenns

295 3415 437 3470 relativam
462 3429 566 3468 causam
597 3417 689 3469 cadem
714 3417 771 3470 lero
795 3417 992 3486 significatione
1016 3417 1170 3484 insignitam
1194 3416 1287 3468 sortita
1316 3422 1394 3466 sant:
1497 3413 1498 3476 Ῐ

297 3483 467 3558 quamobrem
491 3487 579 3539 simile
606 3489 658 3540 rlici
686 3489 758 3541 solet
784 3489 864 3542 simili
884 3489 987 3553 simile,
1014 3497 1040 3540 ct
1058 3489 1158 3539 unricus
1179 3488 1264 3538 amico
1282 3486 1395 3550 amiens,

298 3569 325 3613 ct
343 3575 411 3629 quaa
438 3567 499 3611 snut
517 3557 630 3623 similia,
657 3560 693 3610 ita
717 3568 747 3611 nt
764 3560 908 3628 multiplex
929 3561 974 3611 liat
1003 3561 1030 3610 in
1053 3558 1134 3610 rebus
1153 3571 1221 3625 quae
1240 3557 1395 3608 dividuntur

298 3646 387 3684 earum
415 3632 580 3698 proprietas,
606 3630 634 3681 iu
653 3630 703 3680 deo
722 3637 809 3683 autem
830 3631 944 3698 simplex
972 3637 998 3682 et
1015 3630 1131 3682 indivisa
1150 3628 1294 3680 secundum
1315 3629 1395 3678 anius

297 3701 429 3770 suppositi
448 3702 673 3770 explicationem:
691 3701 751 3753 dico
771 3705 840 3754 euim
859 3701 1050 3754 indivisibilem
1064 3707 1091 3752 ot
1109 3701 1193 3751 forma
1212 3706 1348 3750 carentem
1370 3705 1395 3748 et

296 3773 460 3826 invisibilem
479 3773 553 3825 illam
572 3771 765 3841 qualiscunque
785 3782 825 3824 est
847 3773 999 3838 essentiam,
1019 3786 1096 3841 quam
1114 3771 1198 3838 siquis
1212 3778 1314 3837 pratum
1332 3770 1395 3820 nni.

295 3857 353 3896 mos
374 3857 488 3910 pascens
518 3852 544 3895 et
571 3844 693 3896 veritatis
723 3842 873 3896 cubiculum
891 3845 1029 3896 nominare
1054 3843 1136 3904 velit,
1156 3855 1210 3892 non
1229 3846 1312 3904 erret,
1331 3841 1395 3906 opi.

296 3928 363 3968 nor:
383 3927 452 3982 quae
471 3913 577 3982 quidem
600 3929 658 3966 curu
682 3915 718 3967 sit
735 3927 825 3979 nuum,
842 3917 968 3969 continuo
993 3915 1022 3966 in
1041 3927 1094 3965 ano
1119 3919 1208 3963 manet
1226 3912 1286 3964 sive
1306 3911 1394 3978 potins

298 3989 326 4038 in
345 3999 375 4038 se
395 3992 422 4036 et
439 3990 545 4038 nostras
564 3986 752 4055 cogitationes,
773 3999 841 4054 quae
862 3985 985 4038 diversae
1003 3991 1064 4038 suut
1088 3999 1101 4034 a
1123 3990 1218 4035 natura
1237 3989 1263 4033 et
1281 3980 1395 4050 quibus·

300 4071 353 4126 que
373 4051 453 4108 rebus
472 4054 579 4108 diverso
600 4057 677 4109 morlo
703 4055 899 4124 distrahuntur,
919 4059 946 4108 in
965 4071 1043 4108 unarn
1068 4055 1196 4126 quandam
1217 4061 1244 4105 et
1262 4053 1396 4105 indisere-

224 4167 232 4178 ,
298 4133 350 4182 tam
376 4125 567 4219 cogitationem
593 4129 807 4197 conprehendit:
841 4127 878 4182 ita
906 4133 934 4182 nt
963 4129 1041 4184 ettam
1073 4127 1209 4182 nominum
1239 4124 1396 4179 necessario
