<?xml version="1.0" encoding="UTF-8"?>
<!DOCTYPE html PUBLIC "-//W3C//DTD XHTML 1.0 Transitional//EN"
    "http://www.w3.org/TR/xhtml1/DTD/xhtml1-transitional.dtd">
<html xmlns="http://www.w3.org/1999/xhtml" xml:lang="en" lang="en">
 <head>
  <title>
</title>
<meta http-equiv="Content-Type" content="text/html;charset=utf-8" />
  <meta name='ocr-system' content='tesseract 3.04.00' />
  <meta name='ocr-capabilities' content='ocr_page ocr_carea ocr_par ocr_line ocrx_word'/>
</head>
<body>
  <div class='ocr_page' id='page_1' title='image "./corpusscriptoru13theogoog/corpusscriptoru13theogoog_0109.png"; bbox 0 0 3017 4759; ppageno 0'>
   <div class='ocr_carea' id='block_1_1' title="bbox 220 248 1202 363">
    <p class='ocr_par' dir='ltr' id='par_1_1' title="bbox 220 248 1202 363">
     <span class='ocr_line' id='line_1_1' title="bbox 220 248 1202 363; baseline 0.007 -22"><span class='ocrx_word' id='word_1_1' title='bbox 220 276 449 345; x_wconf 71' lang='lat' dir='ltr'><strong>maroniae</strong></span> <span class='ocrx_word' id='word_1_2' title='bbox 478 248 739 347; x_wconf 77' lang='lat' dir='ltr'><strong>auzsumutu</strong></span> <span class='ocrx_word' id='word_1_3' title='bbox 762 281 877 349; x_wconf 59' lang='lat' dir='ltr'><strong>&#39;xxvi</strong></span> <span class='ocrx_word' id='word_1_4' title='bbox 893 265 975 349; x_wconf 69' lang='lat'><strong>230.</strong></span> <span class='ocrx_word' id='word_1_5' title='bbox 994 266 1077 351; x_wconf 74' lang='grc'><strong>31.</strong></span> <span class='ocrx_word' id='word_1_6' title='bbox 1108 344 1110 363; x_wconf 81' lang='grc'><strong><em>,</em></strong></span> <span class='ocrx_word' id='word_1_7' title='bbox 1153 272 1202 349; x_wconf 78' lang='grc'><strong>97</strong></span> 
     </span>
    </p>
   </div>
   <div class='ocr_carea' id='block_1_2' title="bbox 44 439 1338 2651">
    <p class='ocr_par' dir='ltr' id='par_1_2' title="bbox 68 439 1275 933">
     <span class='ocr_line' id='line_1_2' title="bbox 100 439 1275 529; baseline 0.006 -26"><span class='ocrx_word' id='word_1_8' title='bbox 100 443 177 524; x_wconf 85' lang='grc' dir='ltr'><strong><em>έστη</em></strong></span> <span class='ocrx_word' id='word_1_9' title='bbox 199 440 275 521; x_wconf 81' lang='grc' dir='ltr'><strong><em>ἡμῖν</em></strong></span> <span class='ocrx_word' id='word_1_10' title='bbox 294 442 397 506; x_wconf 87' lang='grc' dir='ltr'><strong><em>έκεῑνα</em></strong></span> <span class='ocrx_word' id='word_1_11' title='bbox 420 439 572 508; x_wconf 77' lang='grc' dir='ltr'><strong><em>παθεῖνῦ</em></strong></span> <span class='ocrx_word' id='word_1_12' title='bbox 593 447 675 529; x_wconf 78' lang='grc' dir='ltr'><strong>μηδὲ</strong></span> <span class='ocrx_word' id='word_1_13' title='bbox 696 454 763 519; x_wconf 78' lang='grc' dir='ltr'><strong><em>τοῖς</em></strong></span> <span class='ocrx_word' id='word_1_14' title='bbox 778 444 906 529; x_wconf 80' lang='grc' dir='ltr'><strong><em>σφόδρα</em></strong></span> <span class='ocrx_word' id='word_1_15' title='bbox 922 442 1132 529; x_wconf 83' lang='grc' dir='ltr'><strong><em>α’νῦροφόνοις</em></strong></span> <span class='ocrx_word' id='word_1_16' title='bbox 1149 444 1203 509; x_wconf 79' lang='grc' dir='ltr'><strong>διὰ</strong></span> <span class='ocrx_word' id='word_1_17' title='bbox 1271 464 1275 469; x_wconf 87' lang='grc'><em>“</em></span> 
     </span>
     <span class='ocr_line' id='line_1_3' title="bbox 97 536 1204 631; baseline 0.006 -28"><span class='ocrx_word' id='word_1_18' title='bbox 97 540 172 619; x_wconf 82' lang='grc' dir='ltr'><strong><em>βίον</em></strong></span> <span class='ocrx_word' id='word_1_19' title='bbox 193 542 383 607; x_wconf 74' lang='grc' dir='ltr'><em>πεπονθέναι</em></span> <span class='ocrx_word' id='word_1_20' title='bbox 407 547 643 621; x_wconf 82' lang='grc' dir='ltr'><strong><em>ξομπέπτωκεν.</em></strong></span> <span class='ocrx_word' id='word_1_21' title='bbox 700 545 756 630; x_wconf 78' lang='grc' dir='ltr'><strong>ἀφ’</strong></span> <span class='ocrx_word' id='word_1_22' title='bbox 780 536 817 608; x_wconf 82' lang='grc' dir='ltr'><strong>οὗ</strong></span> <span class='ocrx_word' id='word_1_23' title='bbox 836 546 864 608; x_wconf 83' lang='grc' dir='ltr'><strong>δ’</strong></span> <span class='ocrx_word' id='word_1_24' title='bbox 899 541 1053 631; x_wconf 82' lang='grc' dir='ltr'><strong><em>ὅμόφρων</em></strong></span> <span class='ocrx_word' id='word_1_25' title='bbox 1075 549 1204 631; x_wconf 84' lang='grc' dir='ltr'><strong><em>γεγένη-</em></strong></span> 
     </span>
     <span class='ocr_line' id='line_1_4' title="bbox 97 639 1202 729; baseline 0.005 -25"><span class='ocrx_word' id='word_1_26' title='bbox 97 665 160 720; x_wconf 97' lang='grc' dir='ltr'><strong>μαι</strong></span> <span class='ocrx_word' id='word_1_27' title='bbox 181 642 420 728; x_wconf 49' lang='grc' dir='ltr'><strong><em>Παλαμρῖρκαί</em></strong></span> <span class='ocrx_word' id='word_1_28' title='bbox 438 643 590 724; x_wconf 76' lang='grc' dir='ltr'><strong><em>βασιλεῦς</em></strong></span> <span class='ocrx_word' id='word_1_29' title='bbox 610 639 710 719; x_wconf 85' lang='grc' dir='ltr'><strong><em>εῦθῦς</em></strong></span> <span class='ocrx_word' id='word_1_30' title='bbox 733 642 939 729; x_wconf 80' lang='grc' dir='ltr'><strong><em>κεκράτηκα.”</em></strong></span> <span class='ocrx_word' id='word_1_31' title='bbox 987 641 1008 727; x_wconf 83' lang='grc' dir='ltr'><strong><em>ἡ</em></strong></span> <span class='ocrx_word' id='word_1_32' title='bbox 1029 648 1056 709; x_wconf 83' lang='grc' dir='ltr'><strong>δ’</strong></span> <span class='ocrx_word' id='word_1_33' title='bbox 1078 641 1202 709; x_wconf 84' lang='grc' dir='ltr'><strong><em>ῦπολα-</em></strong></span> 
     </span>
     <span class='ocr_line' id='line_1_5' title="bbox 94 738 1201 830; baseline 0.008 -28"><span class='ocrx_word' id='word_1_34' title='bbox 94 743 209 819; x_wconf 60' lang='grc' dir='ltr'><strong><em>βοῦσα,</em></strong></span> <span class='ocrx_word' id='word_1_35' title='bbox 231 742 331 805; x_wconf 74' lang='grc' dir='ltr'><strong><em>τοιοίδ’</em></strong></span> <span class='ocrx_word' id='word_1_36' title='bbox 369 745 547 828; x_wconf 80' lang='grc' dir='ltr'><strong><em>α’ντέφηοεν</em></strong></span> <span class='ocrx_word' id='word_1_37' title='bbox 578 738 687 821; x_wconf 74' lang='grc' dir='ltr'><strong><em>αὖθις.</em></strong></span> <span class='ocrx_word' id='word_1_38' title='bbox 736 740 822 828; x_wconf 71' lang='grc' dir='ltr'><strong>κέγοῦ</strong></span> <span class='ocrx_word' id='word_1_39' title='bbox 854 747 910 810; x_wconf 72' lang='grc' dir='ltr'><strong>δέ’</strong></span> <span class='ocrx_word' id='word_1_40' title='bbox 940 770 1038 830; x_wconf 87' lang='grc' dir='ltr'><strong><em>φησιν</em></strong></span> <span class='ocrx_word' id='word_1_41' title='bbox 1062 742 1120 809; x_wconf 71' lang='lat' dir='ltr'><strong>“isi</strong></span> <span class='ocrx_word' id='word_1_42' title='bbox 1138 750 1201 813; x_wconf 70' lang='lat' dir='ltr'><strong>scia</strong></span> 
     </span>
     <span class='ocr_line' id='line_1_6' title="bbox 68 840 1000 933; baseline 0.008 -27"><span class='ocrx_word' id='word_1_43' title='bbox 68 840 260 925; x_wconf 75' lang='grc' dir='ltr'><strong><em>δῆμετέρων</em></strong></span> <span class='ocrx_word' id='word_1_44' title='bbox 282 846 337 908; x_wconf 84' lang='grc' dir='ltr'><strong>καί</strong></span> <span class='ocrx_word' id='word_1_45' title='bbox 357 848 567 928; x_wconf 73' lang='grc' dir='ltr'><strong><em>ἀνθρωπίνων</em></strong></span> <span class='ocrx_word' id='word_1_46' title='bbox 584 850 710 930; x_wconf 82' lang='grc' dir='ltr'><strong><em>βραχέα</em></strong></span> <span class='ocrx_word' id='word_1_47' title='bbox 733 870 784 911; x_wconf 91' lang='grc' dir='ltr'><strong>σοι</strong></span> <span class='ocrx_word' id='word_1_48' title='bbox 812 852 1000 933; x_wconf 84' lang='grc' dir='ltr'><strong><em>φθέγξομαι.</em></strong></span> 
     </span>
    </p>

    <p class='ocr_par' dir='ltr' id='par_1_3' title="bbox 95 943 1258 1335">
     <span class='ocr_line' id='line_1_7' title="bbox 199 943 1258 1029; baseline 0.009 -22"><span class='ocrx_word' id='word_1_49' title='bbox 199 946 278 1008; x_wconf 80' lang='grc' dir='ltr'><strong><em>Εἰπὲ</em></strong></span> <span class='ocrx_word' id='word_1_50' title='bbox 298 944 360 1027; x_wconf 77' lang='grc' dir='ltr'><strong><em>γἰίρ</em></strong></span> <span class='ocrx_word' id='word_1_51' title='bbox 382 968 455 1025; x_wconf 85' lang='grc' dir='ltr'><strong><em>μοι·</em></strong></span> <span class='ocrx_word' id='word_1_52' title='bbox 479 946 576 1022; x_wconf 81' lang='grc' dir='ltr'><strong><em>εἴτις</em></strong></span> <span class='ocrx_word' id='word_1_53' title='bbox 605 950 668 1011; x_wconf 81' lang='grc' dir='ltr'><strong><em>τῶν</em></strong></span> <span class='ocrx_word' id='word_1_54' title='bbox 691 947 851 1029; x_wconf 80' lang='grc' dir='ltr'><strong><em>ἡμετέρων</em></strong></span> <span class='ocrx_word' id='word_1_55' title='bbox 872 943 995 1013; x_wconf 73' lang='lat' dir='ltr'><strong>‹lodices›</strong></span> <span class='ocrx_word' id='word_1_56' title='bbox 1017 952 1258 1028; x_wconf 65' lang='lat' dir='ltr'><strong>dunelmvcgsl</strong></span> 
     </span>
     <span class='ocr_line' id='line_1_8' title="bbox 96 1038 1201 1132; baseline 0.006 -25"><span class='ocrx_word' id='word_1_57' title='bbox 96 1045 198 1109; x_wconf 78' lang='grc' dir='ltr'><strong><em>εἰπεῖν</em></strong></span> <span class='ocrx_word' id='word_1_58' title='bbox 219 1038 241 1125; x_wconf 81' lang='grc' dir='ltr'><strong><em>ἡ</em></strong></span> <span class='ocrx_word' id='word_1_59' title='bbox 260 1047 322 1109; x_wconf 76' lang='grc' dir='ltr'><strong><em>τῶν</em></strong></span> <span class='ocrx_word' id='word_1_60' title='bbox 345 1038 450 1121; x_wconf 71' lang='grc' dir='ltr'><strong><em>ἄλλως</em></strong></span> <span class='ocrx_word' id='word_1_61' title='bbox 469 1046 607 1129; x_wconf 75' lang='grc' dir='ltr'><strong><em>ἐχόντων</em></strong></span> <span class='ocrx_word' id='word_1_62' title='bbox 627 1045 896 1132; x_wconf 75' lang='grc' dir='ltr'><strong><em>ἡμῖν“κτημτίτων</em></strong></span> <span class='ocrx_word' id='word_1_63' title='bbox 916 1042 986 1123; x_wconf 79' lang='grc' dir='ltr'><strong><em>ἑνὸς</em></strong></span> <span class='ocrx_word' id='word_1_64' title='bbox 1017 1048 1201 1114; x_wconf 73' lang='grc' dir='ltr'><strong><em>οὑτινοσοῦν</em></strong></span> 
     </span>
     <span class='ocr_line' id='line_1_9' title="bbox 95 1142 1202 1233; baseline 0.006 -24"><span class='ocrx_word' id='word_1_65' title='bbox 95 1142 282 1229; x_wconf 75' lang='grc' dir='ltr'><strong><em>έπιμελητὴς</em></strong></span> <span class='ocrx_word' id='word_1_66' title='bbox 293 1145 350 1231; x_wconf 74' lang='grc' dir='ltr'><strong>ὑφ’</strong></span> <span class='ocrx_word' id='word_1_67' title='bbox 364 1146 453 1229; x_wconf 76' lang='grc' dir='ltr'><strong><em>ἡμῶν</em></strong></span> <span class='ocrx_word' id='word_1_68' title='bbox 465 1149 631 1227; x_wconf 78' lang='grc' dir='ltr'><strong><em>καταστάς,</em></strong></span> <span class='ocrx_word' id='word_1_69' title='bbox 645 1145 755 1211; x_wconf 85' lang='grc' dir='ltr'><strong><em>ἔπειτα</em></strong></span> <span class='ocrx_word' id='word_1_70' title='bbox 772 1142 829 1231; x_wconf 84' lang='grc' dir='ltr'><strong>τὴν</strong></span> <span class='ocrx_word' id='word_1_71' title='bbox 840 1152 899 1229; x_wconf 85' lang='grc' dir='ltr'><strong>μέν</strong></span> <span class='ocrx_word' id='word_1_72' title='bbox 912 1152 1096 1215; x_wconf 75' lang='grc' dir='ltr'><strong><em>δεσποτείαν</em></strong></span> <span class='ocrx_word' id='word_1_73' title='bbox 1111 1150 1202 1233; x_wconf 73' lang='grc' dir='ltr'><strong><em>ἡμῶν</em></strong></span> 
     </span>
     <span class='ocr_line' id='line_1_10' title="bbox 96 1246 1201 1335; baseline 0.008 -28"><span class='ocrx_word' id='word_1_74' title='bbox 96 1246 252 1333; x_wconf 73' lang='grc' dir='ltr'><strong><em>ἀφῃρεῖτο</em></strong></span> <span class='ocrx_word' id='word_1_75' title='bbox 273 1249 475 1331; x_wconf 76' lang='grc' dir='ltr'><strong><em>περιφανῶς,</em></strong></span> <span class='ocrx_word' id='word_1_76' title='bbox 498 1250 765 1333; x_wconf 82' lang='grc' dir='ltr'><strong><em>πολλοστημόριον</em></strong></span> <span class='ocrx_word' id='word_1_77' title='bbox 794 1252 829 1315; x_wconf 83' lang='grc' dir='ltr'><strong>δὲ</strong></span> <span class='ocrx_word' id='word_1_78' title='bbox 849 1252 910 1314; x_wconf 81' lang='grc' dir='ltr'><strong><em>τῶν</em></strong></span> <span class='ocrx_word' id='word_1_79' title='bbox 939 1253 1061 1317; x_wconf 80' lang='grc' dir='ltr'><strong><em>ἐκεῖθεν</em></strong></span> <span class='ocrx_word' id='word_1_80' title='bbox 1085 1257 1201 1335; x_wconf 84' lang='grc' dir='ltr'><strong><em>παρεί-</em></strong></span> 
     </span>
    </p>

    <p class='ocr_par' dir='ltr' id='par_1_4' title="bbox 51 1341 1338 1843">
     <span class='ocr_line' id='line_1_11' title="bbox 51 1341 1200 1437; baseline 0.01 -32"><span class='ocrx_word' id='word_1_81' title='bbox 51 1354 85 1407; x_wconf 85' lang='lat'><strong>10</strong></span> <span class='ocrx_word' id='word_1_82' title='bbox 94 1370 172 1428; x_wconf 90' lang='grc' dir='ltr'><strong><em>χετο</em></strong></span> <span class='ocrx_word' id='word_1_83' title='bbox 206 1350 313 1431; x_wconf 82' lang='grc' dir='ltr'><strong><em>φέρων</em></strong></span> <span class='ocrx_word' id='word_1_84' title='bbox 344 1344 418 1432; x_wconf 83' lang='grc' dir='ltr'><strong><em>ἡμῖν</em></strong></span> <span class='ocrx_word' id='word_1_85' title='bbox 446 1353 593 1434; x_wconf 79' lang='grc' dir='ltr'><strong><em>καρπῶν,</em></strong></span> <span class='ocrx_word' id='word_1_86' title='bbox 625 1350 663 1413; x_wconf 85' lang='grc' dir='ltr'><strong>οῦ</strong></span> <span class='ocrx_word' id='word_1_87' title='bbox 685 1350 807 1431; x_wconf 69' lang='grc' dir='ltr'><strong><em>μᾶλλον</em></strong></span> <span class='ocrx_word' id='word_1_88' title='bbox 838 1354 869 1433; x_wconf 86' lang='grc' dir='ltr'><strong>γ’</strong></span> <span class='ocrx_word' id='word_1_89' title='bbox 890 1341 929 1417; x_wconf 75' lang='lat' dir='ltr'><strong>dv</strong></span> <span class='ocrx_word' id='word_1_90' title='bbox 958 1351 1200 1437; x_wconf 81' lang='grc' dir='ltr'><strong><em>ε’μεμισὴνειμεν</em></strong></span> 
     </span>
     <span class='ocr_line' id='line_1_12' title="bbox 93 1444 1200 1534; baseline 0.005 -22"><span class='ocrx_word' id='word_1_91' title='bbox 93 1444 255 1532; x_wconf 80' lang='grc' dir='ltr'><strong><em>έκεῖιονὴ</em></strong></span> <span class='ocrx_word' id='word_1_92' title='bbox 282 1450 515 1534; x_wconf 82' lang='grc' dir='ltr'><strong><em>ἡγαπὴκειμεν,·</em></strong></span> <span class='ocrx_word' id='word_1_93' title='bbox 546 1453 631 1517; x_wconf 89' lang='grc' dir='ltr'><strong><em>τοῦτ’</em></strong></span> <span class='ocrx_word' id='word_1_94' title='bbox 664 1451 741 1516; x_wconf 73' lang='lat' dir='ltr'><strong>adri</strong></span> <span class='ocrx_word' id='word_1_95' title='bbox 775 1454 915 1532; x_wconf 83' lang='grc' dir='ltr'><strong><em>νομίζειν</em></strong></span> <span class='ocrx_word' id='word_1_96' title='bbox 947 1450 1051 1519; x_wconf 85' lang='grc' dir='ltr'><strong><em>έπεισί</em></strong></span> <span class='ocrx_word' id='word_1_97' title='bbox 1069 1455 1200 1534; x_wconf 82' lang='grc' dir='ltr'><strong><em>μοικαί</em></strong></span> 
     </span>
     <span class='ocr_line' id='line_1_13' title="bbox 95 1542 1338 1639; baseline 0.007 -26"><span class='ocrx_word' id='word_1_98' title='bbox 95 1553 120 1587; x_wconf 85' lang='grc'>”</span> <span class='ocrx_word' id='word_1_99' title='bbox 140 1554 219 1631; x_wconf 89' lang='grc' dir='ltr'><strong><em>περί</em></strong></span> <span class='ocrx_word' id='word_1_100' title='bbox 233 1557 276 1634; x_wconf 87' lang='grc' dir='ltr'><strong><em>γε’</em></strong></span> <span class='ocrx_word' id='word_1_101' title='bbox 290 1556 348 1615; x_wconf 88' lang='grc' dir='ltr'><strong><em>τοῦ</em></strong></span> <span class='ocrx_word' id='word_1_102' title='bbox 376 1554 478 1633; x_wconf 85' lang='grc' dir='ltr'><strong><em>μόνον</em></strong></span> <span class='ocrx_word' id='word_1_103' title='bbox 509 1556 599 1617; x_wconf 88' lang='grc' dir='ltr'><strong><em>θεοῦ.</em></strong></span> <span class='ocrx_word' id='word_1_104' title='bbox 648 1542 755 1636; x_wconf 74' lang='grc' dir='ltr'><strong><em>είγοῖρ</em></strong></span> <span class='ocrx_word' id='word_1_105' title='bbox 784 1554 923 1618; x_wconf 79' lang='grc' dir='ltr'><strong><em>πλοῦτον</em></strong></span> <span class='ocrx_word' id='word_1_106' title='bbox 953 1553 1008 1617; x_wconf 83' lang='grc' dir='ltr'><strong>καί</strong></span> <span class='ocrx_word' id='word_1_107' title='bbox 1031 1550 1122 1639; x_wconf 78' lang='grc' dir='ltr'><strong><em>δόξης</em></strong></span> <span class='ocrx_word' id='word_1_108' title='bbox 1144 1563 1228 1618; x_wconf 74' lang='grc' dir='ltr'><strong><em>τοιί.</em></strong></span> <span class='ocrx_word' id='word_1_109' title='bbox 1249 1565 1299 1621; x_wconf 83' lang='grc'><strong>118</strong></span> <span class='ocrx_word' id='word_1_110' title='bbox 1310 1566 1338 1622; x_wconf 82' lang='lat' dir='ltr'><strong>b.</strong></span> 
     </span>
     <span class='ocr_line' id='line_1_14' title="bbox 94 1651 1199 1739; baseline 0.003 -23"><span class='ocrx_word' id='word_1_111' title='bbox 94 1651 212 1735; x_wconf 80' lang='grc' dir='ltr'><strong><em>οαῦτνγς</em></strong></span> <span class='ocrx_word' id='word_1_112' title='bbox 234 1652 324 1735; x_wconf 81' lang='grc' dir='ltr'><strong><em>ἡμεῖς</em></strong></span> <span class='ocrx_word' id='word_1_113' title='bbox 346 1654 559 1730; x_wconf 74' lang='grc' dir='ltr'><strong><em>ἀπολαύοντες</em></strong></span> <span class='ocrx_word' id='word_1_114' title='bbox 580 1651 658 1735; x_wconf 79' lang='grc' dir='ltr'><strong><em>πρὸς</em></strong></span> <span class='ocrx_word' id='word_1_115' title='bbox 681 1657 776 1739; x_wconf 80' lang='grc' dir='ltr'><strong><em>θεοῦ,</em></strong></span> <span class='ocrx_word' id='word_1_116' title='bbox 802 1652 910 1719; x_wconf 75' lang='grc' dir='ltr'><strong><em>ἔπειτα</em></strong></span> <span class='ocrx_word' id='word_1_117' title='bbox 941 1651 997 1736; x_wconf 82' lang='grc' dir='ltr'><strong>τὴν</strong></span> <span class='ocrx_word' id='word_1_118' title='bbox 1021 1654 1120 1721; x_wconf 84' lang='grc' dir='ltr'><strong><em>ον’τοῦ</em></strong></span> <span class='ocrx_word' id='word_1_119' title='bbox 1145 1657 1199 1719; x_wconf 82' lang='lat' dir='ltr'><strong>ds-</strong></span> 
     </span>
     <span class='ocr_line' id='line_1_15' title="bbox 93 1748 1199 1843; baseline 0.005 -29"><span class='ocrx_word' id='word_1_120' title='bbox 93 1756 246 1815; x_wconf 86' lang='grc' dir='ltr'><strong><em>σποτείαν</em></strong></span> <span class='ocrx_word' id='word_1_121' title='bbox 277 1756 452 1819; x_wconf 81' lang='grc' dir='ltr'><strong><em>πολυθεΐαν</em></strong></span> <span class='ocrx_word' id='word_1_122' title='bbox 474 1750 598 1830; x_wconf 75' lang='grc' dir='ltr'><strong><em>ἑκόντες</em></strong></span> <span class='ocrx_word' id='word_1_123' title='bbox 620 1748 639 1839; x_wconf 78' lang='grc' dir='ltr'><strong><em>ἡ</em></strong></span> <span class='ocrx_word' id='word_1_124' title='bbox 659 1779 721 1818; x_wconf 92' lang='grc' dir='ltr'><strong><em>τινι</em></strong></span> <span class='ocrx_word' id='word_1_125' title='bbox 751 1750 813 1819; x_wconf 76' lang='grc' dir='ltr'><strong><em>τῶν</em></strong></span> <span class='ocrx_word' id='word_1_126' title='bbox 835 1751 982 1819; x_wconf 75' lang='grc' dir='ltr'><strong><em>ἁπάντων</em></strong></span> <span class='ocrx_word' id='word_1_127' title='bbox 1005 1750 1095 1843; x_wconf 74' lang='grc' dir='ltr'><strong><em>ἑτέρᾳ</em></strong></span> <span class='ocrx_word' id='word_1_128' title='bbox 1120 1760 1199 1839; x_wconf 82' lang='grc' dir='ltr'><strong><em>παρ’</em></strong></span> 
     </span>
    </p>

    <p class='ocr_par' dir='ltr' id='par_1_5' title="bbox 50 1850 1298 2345">
     <span class='ocr_line' id='line_1_16' title="bbox 50 1850 1199 1941; baseline 0.009 -32"><span class='ocrx_word' id='word_1_129' title='bbox 50 1857 83 1909; x_wconf 89' lang='grc'><strong>15</strong></span> <span class='ocrx_word' id='word_1_130' title='bbox 94 1850 196 1916; x_wconf 86' lang='grc' dir='ltr'><strong><em>αῦτῦν</em></strong></span> <span class='ocrx_word' id='word_1_131' title='bbox 216 1854 374 1941; x_wconf 80' lang='grc' dir='ltr'><strong><em>ἐνεργείᾳ,</em></strong></span> <span class='ocrx_word' id='word_1_132' title='bbox 396 1856 605 1935; x_wconf 85' lang='grc' dir='ltr'><strong><em>έξεομενίζειν</em></strong></span> <span class='ocrx_word' id='word_1_133' title='bbox 628 1859 745 1920; x_wconf 79' lang='grc' dir='ltr'><strong><em>ἐκεῖνον</em></strong></span> <span class='ocrx_word' id='word_1_134' title='bbox 774 1859 956 1938; x_wconf 85' lang='grc' dir='ltr'><strong><em>νομίζοιμεν</em></strong></span> <span class='ocrx_word' id='word_1_135' title='bbox 981 1858 1199 1941; x_wconf 82' lang='grc' dir='ltr'><strong><em>πολλοστημό-</em></strong></span> 
     </span>
     <span class='ocr_line' id='line_1_17' title="bbox 94 1949 1197 2044; baseline 0.005 -29"><span class='ocrx_word' id='word_1_136' title='bbox 94 1975 164 2034; x_wconf 89' lang='grc' dir='ltr'><strong><em>ριον</em></strong></span> <span class='ocrx_word' id='word_1_137' title='bbox 182 1954 355 2037; x_wconf 75' lang='grc' dir='ltr'><strong><em>χρημάτων</em></strong></span> <span class='ocrx_word' id='word_1_138' title='bbox 385 1959 463 2019; x_wconf 73' lang='grc' dir='ltr'><strong><em>τοῖν.</em></strong></span> <span class='ocrx_word' id='word_1_139' title='bbox 480 1949 582 2021; x_wconf 69' lang='lat' dir='ltr'><strong>adron·</strong></span> <span class='ocrx_word' id='word_1_140' title='bbox 610 1956 821 2039; x_wconf 78' lang='grc' dir='ltr'><strong><em>προσάγοντες</em></strong></span> <span class='ocrx_word' id='word_1_141' title='bbox 850 1955 948 2044; x_wconf 69' lang='grc' dir='ltr'><strong><em>αὐτῷ,</em></strong></span> <span class='ocrx_word' id='word_1_142' title='bbox 977 1962 1092 2022; x_wconf 80' lang='grc' dir='ltr'><strong><em>θᾶττον</em></strong></span> <span class='ocrx_word' id='word_1_143' title='bbox 1112 1960 1197 2038; x_wconf 86' lang='grc' dir='ltr'><strong><em>μέντ’</em></strong></span> 
     </span>
     <span class='ocr_line' id='line_1_18' title="bbox 93 2049 1197 2143; baseline 0.003 -27"><span class='ocrx_word' id='word_1_144' title='bbox 93 2049 135 2116; x_wconf 74' lang='grc' dir='ltr'><strong>οῦν</strong></span> <span class='ocrx_word' id='word_1_145' title='bbox 156 2050 321 2137; x_wconf 80' lang='grc' dir='ltr'><strong><em>μισὴσειιν</em></strong></span> <span class='ocrx_word' id='word_1_146' title='bbox 342 2049 364 2137; x_wconf 86' lang='grc' dir='ltr'><strong><em>ἡ</em></strong></span> <span class='ocrx_word' id='word_1_147' title='bbox 385 2055 578 2140; x_wconf 83' lang='grc' dir='ltr'><strong><em>οίγαπὴσειεν</em></strong></span> <span class='ocrx_word' id='word_1_148' title='bbox 600 2057 696 2139; x_wconf 79' lang='grc' dir='ltr'><strong><em>ἡμᾶς,</em></strong></span> <span class='ocrx_word' id='word_1_149' title='bbox 721 2052 772 2120; x_wconf 82' lang='grc' dir='ltr'><strong><em>ὅτι</em></strong></span> <span class='ocrx_word' id='word_1_150' title='bbox 796 2055 829 2121; x_wconf 84' lang='grc' dir='ltr'><strong><em>τῦ</em></strong></span> <span class='ocrx_word' id='word_1_151' title='bbox 852 2060 962 2138; x_wconf 83' lang='grc' dir='ltr'><strong><em>μεῖζον</em></strong></span> <span class='ocrx_word' id='word_1_152' title='bbox 984 2059 1197 2143; x_wconf 78' lang='grc' dir='ltr'><strong><em>ἀφαιροῦντες</em></strong></span> 
     </span>
     <span class='ocr_line' id='line_1_19' title="bbox 92 2146 1298 2246; baseline 0.002 -29"><span class='ocrx_word' id='word_1_153' title='bbox 92 2149 267 2218; x_wconf 80' lang='grc' dir='ltr'><strong><em>τοῦλαττον</em></strong></span> <span class='ocrx_word' id='word_1_154' title='bbox 284 2157 486 2239; x_wconf 83' lang='grc' dir='ltr'><strong><em>παρέχομεν,</em></strong></span> <span class='ocrx_word' id='word_1_155' title='bbox 510 2150 670 2246; x_wconf 82' lang='grc' dir='ltr'><strong><em>ἡμῦλλον</em></strong></span> <span class='ocrx_word' id='word_1_156' title='bbox 697 2156 733 2222; x_wconf 88' lang='grc' dir='ltr'>τό</span> <span class='ocrx_word' id='word_1_157' title='bbox 755 2162 816 2221; x_wconf 81' lang='grc' dir='ltr'><strong>πᾶν</strong></span> <span class='ocrx_word' id='word_1_158' title='bbox 838 2159 1051 2242; x_wconf 82' lang='grc' dir='ltr'><strong><em>α’φαιροῦντες</em></strong></span> <span class='ocrx_word' id='word_1_159' title='bbox 1073 2155 1108 2221; x_wconf 80' lang='grc' dir='ltr'><strong><em>τὸ</em></strong></span> <span class='ocrx_word' id='word_1_160' title='bbox 1132 2164 1221 2242; x_wconf 80' lang='grc' dir='ltr'><strong><em>μη-’</em></strong></span> <span class='ocrx_word' id='word_1_161' title='bbox 1291 2146 1298 2153; x_wconf 59' lang='grc'><em>“</em></span> 
     </span>
     <span class='ocr_line' id='line_1_20' title="bbox 92 2253 1197 2345; baseline 0.005 -28"><span class='ocrx_word' id='word_1_162' title='bbox 92 2258 152 2345; x_wconf 68' lang='lat' dir='ltr'><strong>dds</strong></span> <span class='ocrx_word' id='word_1_163' title='bbox 168 2261 359 2338; x_wconf 77' lang='grc' dir='ltr'><strong><em>παρέχομεν.</em></strong></span> <span class='ocrx_word' id='word_1_164' title='bbox 403 2257 451 2342; x_wconf 74' lang='grc' dir='ltr'><strong><em>εἴη</em></strong></span> <span class='ocrx_word' id='word_1_165' title='bbox 474 2261 502 2321; x_wconf 87' lang='lat' dir='ltr'><strong>d’</strong></span> <span class='ocrx_word' id='word_1_166' title='bbox 523 2253 563 2322; x_wconf 73' lang='grc' dir='ltr'><strong>ἂν</strong></span> <span class='ocrx_word' id='word_1_167' title='bbox 584 2261 643 2323; x_wconf 84' lang='grc' dir='ltr'><strong><em>κοίν</em></strong></span> <span class='ocrx_word' id='word_1_168' title='bbox 666 2263 729 2323; x_wconf 81' lang='grc' dir='ltr'><strong><em>νοῦν</em></strong></span> <span class='ocrx_word' id='word_1_169' title='bbox 749 2258 911 2343; x_wconf 74' lang='grc' dir='ltr'><strong><em>ἡμετέρων</em></strong></span> <span class='ocrx_word' id='word_1_170' title='bbox 933 2256 978 2323; x_wconf 75' lang='grc' dir='ltr'><strong><em>ἔτι</em></strong></span> <span class='ocrx_word' id='word_1_171' title='bbox 1000 2259 1197 2341; x_wconf 76' lang='grc' dir='ltr'><strong><em>πραγμάτων</em></strong></span> 
     </span>
    </p>

    <p class='ocr_par' dir='ltr' id='par_1_6' title="bbox 44 2354 1195 2651">
     <span class='ocr_line' id='line_1_21' title="bbox 44 2354 1195 2444; baseline 0.003 -26"><span class='ocrx_word' id='word_1_172' title='bbox 44 2357 304 2442; x_wconf 67' lang='grc' dir='ltr'><strong><em>ἳθέναργέστερα</em></strong></span> <span class='ocrx_word' id='word_1_173' title='bbox 331 2356 370 2423; x_wconf 68' lang='lat' dir='ltr'><strong>td</strong></span> <span class='ocrx_word' id='word_1_174' title='bbox 400 2358 575 2442; x_wconf 70' lang='grc' dir='ltr'><strong><em>λεγόμενα.</em></strong></span> <span class='ocrx_word' id='word_1_175' title='bbox 616 2354 711 2425; x_wconf 84' lang='grc' dir='ltr'><strong><em>οἶσθα</em></strong></span> <span class='ocrx_word' id='word_1_176' title='bbox 744 2358 804 2444; x_wconf 76' lang='grc' dir='ltr'><strong>γαρ</strong></span> <span class='ocrx_word' id='word_1_177' title='bbox 841 2362 885 2434; x_wconf 72' lang='grc' dir='ltr'><strong>ὥς</strong></span> <span class='ocrx_word' id='word_1_178' title='bbox 909 2358 981 2444; x_wconf 83' lang='grc' dir='ltr'><strong><em>πρίν</em></strong></span> <span class='ocrx_word' id='word_1_179' title='bbox 1003 2354 1024 2442; x_wconf 76' lang='grc' dir='ltr'><strong><em>ἡ</em></strong></span> <span class='ocrx_word' id='word_1_180' title='bbox 1047 2367 1115 2435; x_wconf 80' lang='grc' dir='ltr'><strong><em>ταῖς</em></strong></span> <span class='ocrx_word' id='word_1_181' title='bbox 1137 2361 1195 2423; x_wconf 86' lang='grc' dir='ltr'><strong><em>τοῦ</em></strong></span> 
     </span>
     <span class='ocr_line' id='line_1_22' title="bbox 91 2460 1193 2545; baseline 0.001 -26"><span class='ocrx_word' id='word_1_182' title='bbox 91 2460 240 2535; x_wconf 82' lang='grc' dir='ltr'><strong><em>Παλαμῦ</em></strong></span> <span class='ocrx_word' id='word_1_183' title='bbox 260 2464 476 2544; x_wconf 73' lang='grc' dir='ltr'><strong><em>προστεθῆναι</em></strong></span> <span class='ocrx_word' id='word_1_184' title='bbox 501 2462 724 2545; x_wconf 85' lang='grc' dir='ltr'><strong><em>καινοφωνίαις</em></strong></span> <span class='ocrx_word' id='word_1_185' title='bbox 746 2461 847 2545; x_wconf 80' lang='grc' dir='ltr'><strong><em>ἡμᾶς,</em></strong></span> <span class='ocrx_word' id='word_1_186' title='bbox 870 2462 997 2545; x_wconf 81' lang='grc' dir='ltr'><strong><em>σφόδρα</em></strong></span> <span class='ocrx_word' id='word_1_187' title='bbox 1027 2484 1061 2544; x_wconf 86' lang='grc' dir='ltr'><strong><em>γε</em></strong></span> <span class='ocrx_word' id='word_1_188' title='bbox 1083 2463 1117 2535; x_wconf 78' lang='grc' dir='ltr'><strong>ἐξ</strong></span> <span class='ocrx_word' id='word_1_189' title='bbox 1138 2460 1193 2521; x_wconf 81' lang='grc' dir='ltr'><strong><em>ου’-</em></strong></span> 
     </span>
     <span class='ocr_line' id='line_1_23' title="bbox 91 2557 1194 2651; baseline 0.003 -30"><span class='ocrx_word' id='word_1_190' title='bbox 91 2558 164 2639; x_wconf 79' lang='grc' dir='ltr'><strong><em>ρίας</em></strong></span> <span class='ocrx_word' id='word_1_191' title='bbox 186 2557 261 2644; x_wconf 85' lang='grc' dir='ltr'><strong><em>ἡμῖν</em></strong></span> <span class='ocrx_word' id='word_1_192' title='bbox 281 2557 320 2624; x_wconf 79' lang='grc' dir='ltr'><strong><em>τῦ</em></strong></span> <span class='ocrx_word' id='word_1_193' title='bbox 343 2563 398 2647; x_wconf 84' lang='grc' dir='ltr'><strong>τὴς</strong></span> <span class='ocrx_word' id='word_1_194' title='bbox 418 2562 625 2643; x_wconf 77' lang='grc' dir='ltr'><strong><em>εῦδαιμονίας</em></strong></span> <span class='ocrx_word' id='word_1_195' title='bbox 653 2560 751 2651; x_wconf 79' lang='grc' dir='ltr'><strong><em>ἔπλει,</em></strong></span> <span class='ocrx_word' id='word_1_196' title='bbox 773 2568 834 2629; x_wconf 83' lang='grc' dir='ltr'><strong>καί</strong></span> <span class='ocrx_word' id='word_1_197' title='bbox 847 2564 942 2628; x_wconf 78' lang='grc' dir='ltr'><strong><em>οὐδέν</em></strong></span> <span class='ocrx_word' id='word_1_198' title='bbox 964 2561 1111 2627; x_wconf 82' lang='grc' dir='ltr'><strong><em>α’ντέπνει</em></strong></span> <span class='ocrx_word' id='word_1_199' title='bbox 1131 2563 1194 2625; x_wconf 77' lang='grc' dir='ltr'><strong><em>τῶν</em></strong></span> 
     </span>
    </p>
   </div>
   <div class='ocr_carea' id='block_1_3' title="bbox 165 2738 543 2813">
    <p class='ocr_par' dir='ltr' id='par_1_7' title="bbox 165 2738 543 2813">
     <span class='ocr_line' id='line_1_24' title="bbox 165 2738 543 2813; baseline 0.058 -24"><span class='ocrx_word' id='word_1_200' title='bbox 165 2738 208 2792; x_wconf 72' lang='grc'><strong>14.</strong></span> <span class='ocrx_word' id='word_1_201' title='bbox 228 2740 368 2813; x_wconf 78' lang='grc' dir='ltr'><strong><em>πολυθείρ</em></strong></span> <span class='ocrx_word' id='word_1_202' title='bbox 387 2740 484 2803; x_wconf 69' lang='grc' dir='ltr'><strong><em>δόντες</em></strong></span> <span class='ocrx_word' id='word_1_203' title='bbox 502 2740 543 2809; x_wconf 65' lang='lat' dir='ltr'><strong>l?</strong></span> 
     </span>
    </p>
   </div>
   <div class='ocr_carea' id='block_1_4' title="bbox 90 2884 1215 3174">
    <p class='ocr_par' dir='ltr' id='par_1_8' title="bbox 90 2884 1215 3174">
     <span class='ocr_line' id='line_1_25' title="bbox 91 2884 1192 2957; baseline 0.003 -18"><span class='ocrx_word' id='word_1_204' title='bbox 91 2884 134 2939; x_wconf 86' lang='lat' dir='ltr'><strong>bis</strong></span> <span class='ocrx_word' id='word_1_205' title='bbox 152 2886 217 2939; x_wconf 88' lang='lat' dir='ltr'><strong>illae</strong></span> <span class='ocrx_word' id='word_1_206' title='bbox 244 2887 404 2957; x_wconf 73' lang='lat' dir='ltr'><strong>largitiones</strong></span> <span class='ocrx_word' id='word_1_207' title='bbox 423 2888 588 2957; x_wconf 83' lang='lat' dir='ltr'><strong>attulerunt,</strong></span> <span class='ocrx_word' id='word_1_208' title='bbox 617 2889 665 2945; x_wconf 85' lang='lat' dir='ltr'><strong>sed</strong></span> <span class='ocrx_word' id='word_1_209' title='bbox 685 2890 774 2944; x_wconf 79' lang='lat' dir='ltr'><strong>uentis</strong></span> <span class='ocrx_word' id='word_1_210' title='bbox 793 2890 914 2943; x_wconf 80' lang='lat' dir='ltr'><strong>uidemur</strong></span> <span class='ocrx_word' id='word_1_211' title='bbox 938 2888 1027 2941; x_wconf 84' lang='lat' dir='ltr'><strong>omnia</strong></span> <span class='ocrx_word' id='word_1_212' title='bbox 1048 2886 1192 2954; x_wconf 78' lang='lat' dir='ltr'><strong>effeciss03</strong></span> 
     </span>
     <span class='ocr_line' id='line_1_26' title="bbox 93 2958 1191 3031; baseline -0.001 -22"><span class='ocrx_word' id='word_1_213' title='bbox 93 2958 258 3013; x_wconf 70' lang='lat' dir='ltr'><strong>calamitates</strong></span> <span class='ocrx_word' id='word_1_214' title='bbox 276 2962 347 3013; x_wconf 88' lang='lat' dir='ltr'><strong>enim</strong></span> <span class='ocrx_word' id='word_1_215' title='bbox 365 2963 394 3012; x_wconf 90' lang='lat' dir='ltr'><strong>in</strong></span> <span class='ocrx_word' id='word_1_216' title='bbox 411 2977 461 3015; x_wconf 87' lang='lat' dir='ltr'><strong>nos</strong></span> <span class='ocrx_word' id='word_1_217' title='bbox 480 2962 762 3031; x_wconf 54' lang='lat' dir='ltr'><strong>ingruerunt„qualcs</strong></span> <span class='ocrx_word' id='word_1_218' title='bbox 780 2978 815 3013; x_wconf 88' lang='lat' dir='ltr'><strong>nc</strong></span> <span class='ocrx_word' id='word_1_219' title='bbox 826 2962 995 3013; x_wconf 82' lang='lat' dir='ltr'><strong>audacissimi</strong></span> <span class='ocrx_word' id='word_1_220' title='bbox 1014 2960 1118 3028; x_wconf 88' lang='lat' dir='ltr'><strong>quidem</strong></span> <span class='ocrx_word' id='word_1_221' title='bbox 1138 2959 1191 3011; x_wconf 87' lang='lat' dir='ltr'><strong>ho.</strong></span> 
     </span>
     <span class='ocr_line' id='line_1_27' title="bbox 90 3029 1215 3101; baseline 0.002 -20"><span class='ocrx_word' id='word_1_222' title='bbox 90 3031 205 3082; x_wconf 87' lang='lat' dir='ltr'><strong>micidac</strong></span> <span class='ocrx_word' id='word_1_223' title='bbox 235 3033 263 3084; x_wconf 90' lang='lat' dir='ltr'><strong>in</strong></span> <span class='ocrx_word' id='word_1_224' title='bbox 294 3034 351 3085; x_wconf 83' lang='lat' dir='ltr'><strong>vita</strong></span> <span class='ocrx_word' id='word_1_225' title='bbox 371 3036 570 3101; x_wconf 87' lang='lat' dir='ltr'><strong>perpessisunt.</strong></span> <span class='ocrx_word' id='word_1_226' title='bbox 617 3051 651 3085; x_wconf 90' lang='lat' dir='ltr'><strong>ex</strong></span> <span class='ocrx_word' id='word_1_227' title='bbox 678 3050 732 3085; x_wconf 91' lang='lat' dir='ltr'><strong>uuo</strong></span> <span class='ocrx_word' id='word_1_228' title='bbox 751 3041 839 3085; x_wconf 89' lang='lat' dir='ltr'><strong>autem</strong></span> <span class='ocrx_word' id='word_1_229' title='bbox 859 3041 979 3099; x_wconf 85' lang='lat' dir='ltr'><strong>tempora</strong></span> <span class='ocrx_word' id='word_1_230' title='bbox 1009 3047 1067 3082; x_wconf 92' lang='lat' dir='ltr'><strong>cum</strong></span> <span class='ocrx_word' id='word_1_231' title='bbox 1085 3029 1215 3094; x_wconf 85' lang='lat' dir='ltr'><strong>Palama&#39;</strong></span> 
     </span>
     <span class='ocr_line' id='line_1_28' title="bbox 92 3102 943 3174; baseline 0 -21"><span class='ocrx_word' id='word_1_232' title='bbox 92 3102 157 3166; x_wconf 87' lang='lat' dir='ltr'><strong>leci,</strong></span> <span class='ocrx_word' id='word_1_233' title='bbox 179 3118 211 3155; x_wconf 89' lang='lat' dir='ltr'><strong>ex</strong></span> <span class='ocrx_word' id='word_1_234' title='bbox 233 3119 266 3155; x_wconf 88' lang='lat' dir='ltr'><strong>ea</strong></span> <span class='ocrx_word' id='word_1_235' title='bbox 286 3106 374 3156; x_wconf 87' lang='lat' dir='ltr'><strong>statim</strong></span> <span class='ocrx_word' id='word_1_236' title='bbox 393 3106 561 3172; x_wconf 87' lang='lat' dir='ltr'><strong>imperatoris</strong></span> <span class='ocrx_word' id='word_1_237' title='bbox 583 3107 729 3174; x_wconf 83' lang='lat' dir='ltr'><strong>pptentiam</strong></span> <span class='ocrx_word' id='word_1_238' title='bbox 746 3112 841 3157; x_wconf 90' lang='lat' dir='ltr'><strong>nactus</strong></span> <span class='ocrx_word' id='word_1_239' title='bbox 859 3111 943 3155; x_wconf 64' lang='grc' dir='ltr'><strong>ειιιπ.α</strong></span> 
     </span>
    </p>
   </div>
   <div class='ocr_carea' id='block_1_5' title="bbox 84 3185 1191 4269">
    <p class='ocr_par' dir='ltr' id='par_1_9' title="bbox 84 3185 1191 4269">
     <span class='ocr_line' id='line_1_29' title="bbox 189 3185 1191 3268; baseline 0.001 -18"><span class='ocrx_word' id='word_1_240' title='bbox 189 3199 240 3251; x_wconf 86' lang='lat' dir='ltr'><strong>llla</strong></span> <span class='ocrx_word' id='word_1_241' title='bbox 258 3208 346 3251; x_wconf 87' lang='lat' dir='ltr'><strong>autem</strong></span> <span class='ocrx_word' id='word_1_242' title='bbox 367 3185 514 3253; x_wconf 76' lang='lat' dir='ltr'><strong>litationem</strong></span> <span class='ocrx_word' id='word_1_243' title='bbox 533 3203 670 3268; x_wconf 89' lang='lat' dir='ltr'><strong>excipiens</strong></span> <span class='ocrx_word' id='word_1_244' title='bbox 683 3199 751 3251; x_wconf 88' lang='lat' dir='ltr'><strong>hacc</strong></span> <span class='ocrx_word' id='word_1_245' title='bbox 771 3200 826 3251; x_wconf 84' lang='lat' dir='ltr'><strong>fere</strong></span> <span class='ocrx_word' id='word_1_246' title='bbox 844 3200 997 3267; x_wconf 87' lang='lat' dir='ltr'><strong>respondit:</strong></span> <span class='ocrx_word' id='word_1_247' title='bbox 1017 3213 1087 3267; x_wconf 83' lang='lat' dir='ltr'><strong>„ego</strong></span> <span class='ocrx_word' id='word_1_248' title='bbox 1105 3214 1191 3267; x_wconf 77' lang='lat' dir='ltr'><strong>pauca</strong></span> 
     </span>
     <span class='ocr_line' id='line_1_30' title="bbox 90 3270 1191 3340; baseline 0.002 -20"><span class='ocrx_word' id='word_1_249' title='bbox 90 3270 220 3338; x_wconf 76' lang='lat' dir='ltr'><strong>quaedam</strong></span> <span class='ocrx_word' id='word_1_250' title='bbox 239 3287 272 3322; x_wconf 89' lang='lat' dir='ltr'><strong>cx</strong></span> <span class='ocrx_word' id='word_1_251' title='bbox 290 3273 389 3323; x_wconf 87' lang='lat' dir='ltr'><strong>nostris</strong></span> <span class='ocrx_word' id='word_1_252' title='bbox 417 3271 591 3340; x_wconf 76' lang='lat' dir='ltr'><strong>humanisque</strong></span> <span class='ocrx_word' id='word_1_253' title='bbox 615 3272 695 3323; x_wconf 87' lang='lat' dir='ltr'><strong>rebus</strong></span> <span class='ocrx_word' id='word_1_254' title='bbox 719 3286 882 3339; x_wconf 80' lang='lat' dir='ltr'><strong>proponam3</strong></span> <span class='ocrx_word' id='word_1_255' title='bbox 906 3272 950 3321; x_wconf 94' lang='lat' dir='ltr'><strong>dic</strong></span> <span class='ocrx_word' id='word_1_256' title='bbox 975 3272 1043 3321; x_wconf 88' lang='lat' dir='ltr'><strong>enim</strong></span> <span class='ocrx_word' id='word_1_257' title='bbox 1062 3272 1147 3336; x_wconf 88' lang='lat' dir='ltr'><strong>mihi,</strong></span> <span class='ocrx_word' id='word_1_258' title='bbox 1167 3273 1191 3324; x_wconf 87' lang='lat' dir='ltr'><strong>si</strong></span> 
     </span>
     <span class='ocr_line' id='line_1_31' title="bbox 90 3335 1190 3409; baseline -0.002 -17"><span class='ocrx_word' id='word_1_259' title='bbox 90 3343 150 3409; x_wconf 90' lang='lat' dir='ltr'><strong>quis</strong></span> <span class='ocrx_word' id='word_1_260' title='bbox 168 3351 320 3394; x_wconf 86' lang='lat' dir='ltr'><strong>nostrorum</strong></span> <span class='ocrx_word' id='word_1_261' title='bbox 340 3358 477 3395; x_wconf 83' lang='lat' dir='ltr'><strong>serrorum</strong></span> <span class='ocrx_word' id='word_1_262' title='bbox 505 3344 581 3397; x_wconf 83' lang='lat' dir='ltr'><strong>verbi</strong></span> <span class='ocrx_word' id='word_1_263' title='bbox 601 3359 686 3404; x_wconf 77' lang='lat' dir='ltr'><strong>cansa</strong></span> <span class='ocrx_word' id='word_1_264' title='bbox 701 3345 798 3395; x_wconf 84' lang='lat' dir='ltr'><strong>vineae</strong></span> <span class='ocrx_word' id='word_1_265' title='bbox 817 3335 867 3393; x_wconf 82' lang='lat' dir='ltr'><strong>&#39;vel</strong></span> <span class='ocrx_word' id='word_1_266' title='bbox 893 3342 941 3393; x_wconf 87' lang='lat' dir='ltr'><strong>alii</strong></span> <span class='ocrx_word' id='word_1_267' title='bbox 960 3343 1063 3393; x_wconf 87' lang='lat' dir='ltr'><strong>cuidam</strong></span> <span class='ocrx_word' id='word_1_268' title='bbox 1081 3352 1190 3394; x_wconf 85' lang='lat' dir='ltr'><strong>nostra.</strong></span> 
     </span>
     <span class='ocr_line' id='line_1_32' title="bbox 88 3413 1188 3488; baseline 0.002 -25"><span class='ocrx_word' id='word_1_269' title='bbox 88 3428 147 3463; x_wconf 89' lang='lat' dir='ltr'><strong>rum</strong></span> <span class='ocrx_word' id='word_1_270' title='bbox 152 3416 365 3488; x_wconf 50' lang='lat' dir='ltr'><strong>&#39;possessionum</strong></span> <span class='ocrx_word' id='word_1_271' title='bbox 393 3431 408 3466; x_wconf 90' lang='lat' dir='ltr'><strong>a</strong></span> <span class='ocrx_word' id='word_1_272' title='bbox 433 3415 511 3467; x_wconf 85' lang='lat' dir='ltr'><strong>nobis</strong></span> <span class='ocrx_word' id='word_1_273' title='bbox 537 3416 708 3481; x_wconf 85' lang='lat' dir='ltr'><strong>praelectus,</strong></span> <span class='ocrx_word' id='word_1_274' title='bbox 734 3415 915 3465; x_wconf 84' lang='lat' dir='ltr'><strong>dominatione</strong></span> <span class='ocrx_word' id='word_1_275' title='bbox 939 3413 1017 3465; x_wconf 90' lang='lat' dir='ltr'><strong>nobis</strong></span> <span class='ocrx_word' id='word_1_276' title='bbox 1047 3414 1188 3465; x_wconf 80' lang='lat' dir='ltr'><strong>manifesto</strong></span> 
     </span>
     <span class='ocr_line' id='line_1_33' title="bbox 89 3484 1189 3553; baseline -0.002 -19"><span class='ocrx_word' id='word_1_277' title='bbox 89 3492 193 3550; x_wconf 81' lang='lat' dir='ltr'><strong>erepta,</strong></span> <span class='ocrx_word' id='word_1_278' title='bbox 210 3484 349 3551; x_wconf 84' lang='lat' dir='ltr'><strong>parvulam</strong></span> <span class='ocrx_word' id='word_1_279' title='bbox 368 3488 496 3553; x_wconf 91' lang='lat' dir='ltr'><strong>quandam</strong></span> <span class='ocrx_word' id='word_1_280' title='bbox 523 3495 625 3553; x_wconf 86' lang='lat' dir='ltr'><strong>partem</strong></span> <span class='ocrx_word' id='word_1_281' title='bbox 652 3486 758 3553; x_wconf 79' lang='lat' dir='ltr'><strong>frugum</strong></span> <span class='ocrx_word' id='word_1_282' title='bbox 787 3486 847 3536; x_wconf 89' lang='lat' dir='ltr'><strong>inde</strong></span> <span class='ocrx_word' id='word_1_283' title='bbox 873 3492 992 3536; x_wconf 84' lang='lat' dir='ltr'><strong>natarum</strong></span> <span class='ocrx_word' id='word_1_284' title='bbox 1011 3485 1088 3536; x_wconf 88' lang='lat' dir='ltr'><strong>nobis</strong></span> <span class='ocrx_word' id='word_1_285' title='bbox 1108 3500 1189 3550; x_wconf 85' lang='lat' dir='ltr'><strong>prae.</strong></span> 
     </span>
     <span class='ocr_line' id='line_1_34' title="bbox 86 3555 1189 3624; baseline 0.002 -20"><span class='ocrx_word' id='word_1_286' title='bbox 86 3555 175 3618; x_wconf 87' lang='lat' dir='ltr'><strong>beret,</strong></span> <span class='ocrx_word' id='word_1_287' title='bbox 193 3570 280 3607; x_wconf 89' lang='lat' dir='ltr'><strong>nonae</strong></span> <span class='ocrx_word' id='word_1_288' title='bbox 293 3559 377 3608; x_wconf 90' lang='lat' dir='ltr'><strong>maius</strong></span> <span class='ocrx_word' id='word_1_289' title='bbox 397 3559 424 3609; x_wconf 88' lang='lat' dir='ltr'><strong>in</strong></span> <span class='ocrx_word' id='word_1_290' title='bbox 439 3574 498 3610; x_wconf 90' lang='lat' dir='ltr'><strong>eum</strong></span> <span class='ocrx_word' id='word_1_291' title='bbox 511 3559 600 3610; x_wconf 89' lang='lat' dir='ltr'><strong>odium</strong></span> <span class='ocrx_word' id='word_1_292' title='bbox 617 3559 830 3624; x_wconf 80' lang='lat' dir='ltr'><strong>conciperemus,</strong></span> <span class='ocrx_word' id='word_1_293' title='bbox 849 3572 926 3624; x_wconf 86' lang='lat' dir='ltr'><strong>quam</strong></span> <span class='ocrx_word' id='word_1_294' title='bbox 940 3564 1018 3607; x_wconf 82' lang='lat' dir='ltr'><strong>antea</strong></span> <span class='ocrx_word' id='word_1_295' title='bbox 1030 3570 1087 3607; x_wconf 90' lang='lat' dir='ltr'><strong>eum</strong></span> <span class='ocrx_word' id='word_1_296' title='bbox 1101 3570 1189 3613; x_wconf 85' lang='lat' dir='ltr'><strong>amas-</strong></span> 
     </span>
     <span class='ocr_line' id='line_1_35' title="bbox 86 3624 1188 3681; baseline -0.005 -3"><span class='ocrx_word' id='word_1_297' title='bbox 86 3624 200 3678; x_wconf 83' lang='lat' dir='ltr'><strong>semus?</strong></span> <span class='ocrx_word' id='word_1_298' title='bbox 237 3628 287 3678; x_wconf 86' lang='lat' dir='ltr'><strong>hcc</strong></span> <span class='ocrx_word' id='word_1_299' title='bbox 306 3629 375 3680; x_wconf 87' lang='lat' dir='ltr'><strong>idem</strong></span> <span class='ocrx_word' id='word_1_300' title='bbox 405 3630 483 3681; x_wconf 85' lang='lat' dir='ltr'><strong>etiam</strong></span> <span class='ocrx_word' id='word_1_301' title='bbox 507 3630 540 3681; x_wconf 89' lang='lat' dir='ltr'><strong>de</strong></span> <span class='ocrx_word' id='word_1_302' title='bbox 567 3630 646 3680; x_wconf 87' lang='lat' dir='ltr'><strong>unico</strong></span> <span class='ocrx_word' id='word_1_303' title='bbox 665 3630 715 3680; x_wconf 88' lang='lat' dir='ltr'><strong>deo</strong></span> <span class='ocrx_word' id='word_1_304' title='bbox 738 3636 855 3680; x_wconf 88' lang='lat' dir='ltr'><strong>statuere</strong></span> <span class='ocrx_word' id='word_1_305' title='bbox 874 3628 938 3678; x_wconf 88' lang='lat' dir='ltr'><strong>mihi</strong></span> <span class='ocrx_word' id='word_1_306' title='bbox 957 3628 984 3678; x_wconf 90' lang='lat' dir='ltr'><strong>in</strong></span> <span class='ocrx_word' id='word_1_307' title='bbox 1002 3634 1116 3677; x_wconf 88' lang='lat' dir='ltr'><strong>mentem</strong></span> <span class='ocrx_word' id='word_1_308' title='bbox 1136 3642 1188 3677; x_wconf 83' lang='lat' dir='ltr'><strong>ve.</strong></span> 
     </span>
     <span class='ocr_line' id='line_1_36' title="bbox 86 3698 1187 3767; baseline -0.003 -19"><span class='ocrx_word' id='word_1_309' title='bbox 86 3698 144 3761; x_wconf 85' lang='lat' dir='ltr'><strong>nit3</strong></span> <span class='ocrx_word' id='word_1_310' title='bbox 164 3698 188 3749; x_wconf 91' lang='lat' dir='ltr'><strong>si</strong></span> <span class='ocrx_word' id='word_1_311' title='bbox 208 3701 277 3750; x_wconf 84' lang='lat' dir='ltr'><strong>enim</strong></span> <span class='ocrx_word' id='word_1_312' title='bbox 296 3714 346 3750; x_wconf 90' lang='lat' dir='ltr'><strong>nos</strong></span> <span class='ocrx_word' id='word_1_313' title='bbox 364 3716 379 3750; x_wconf 87' lang='lat' dir='ltr'><strong>a</strong></span> <span class='ocrx_word' id='word_1_314' title='bbox 399 3701 449 3751; x_wconf 89' lang='lat' dir='ltr'><strong>dec</strong></span> <span class='ocrx_word' id='word_1_315' title='bbox 470 3703 551 3752; x_wconf 89' lang='lat' dir='ltr'><strong>tantis</strong></span> <span class='ocrx_word' id='word_1_316' title='bbox 575 3702 678 3752; x_wconf 84' lang='lat' dir='ltr'><strong>divitiis</strong></span> <span class='ocrx_word' id='word_1_317' title='bbox 697 3708 823 3767; x_wconf 85' lang='lat' dir='ltr'><strong>tantaque</strong></span> <span class='ocrx_word' id='word_1_318' title='bbox 842 3698 930 3767; x_wconf 84' lang='lat' dir='ltr'><strong>gloria</strong></span> <span class='ocrx_word' id='word_1_319' title='bbox 949 3699 1044 3762; x_wconf 88' lang='lat' dir='ltr'><strong>ornati,</strong></span> <span class='ocrx_word' id='word_1_320' title='bbox 1065 3698 1187 3749; x_wconf 87' lang='lat' dir='ltr'><strong>domina.</strong></span> 
     </span>
     <span class='ocr_line' id='line_1_37' title="bbox 85 3767 1188 3837; baseline -0.002 -19"><span class='ocrx_word' id='word_1_321' title='bbox 85 3769 162 3819; x_wconf 83' lang='lat' dir='ltr'><strong>tione</strong></span> <span class='ocrx_word' id='word_1_322' title='bbox 183 3769 344 3827; x_wconf 43' lang='lat' dir='ltr'><strong>eiuslmultis</strong></span> <span class='ocrx_word' id='word_1_323' title='bbox 365 3771 549 3823; x_wconf 75' lang='lat' dir='ltr'><strong>divinitatibus</strong></span> <span class='ocrx_word' id='word_1_324' title='bbox 563 3780 608 3822; x_wconf 87' lang='lat' dir='ltr'><strong>aut</strong></span> <span class='ocrx_word' id='word_1_325' title='bbox 628 3771 674 3823; x_wconf 86' lang='lat' dir='ltr'><strong>alii</strong></span> <span class='ocrx_word' id='word_1_326' title='bbox 694 3773 797 3822; x_wconf 89' lang='lat' dir='ltr'><strong>cuidam</strong></span> <span class='ocrx_word' id='word_1_327' title='bbox 820 3770 970 3837; x_wconf 88' lang='lat' dir='ltr'><strong>operationi</strong></span> <span class='ocrx_word' id='word_1_328' title='bbox 988 3767 1021 3819; x_wconf 87' lang='lat' dir='ltr'><strong>ab</strong></span> <span class='ocrx_word' id='word_1_329' title='bbox 1042 3782 1074 3819; x_wconf 88' lang='lat' dir='ltr'><strong>eo</strong></span> <span class='ocrx_word' id='word_1_330' title='bbox 1093 3769 1188 3823; x_wconf 84' lang='lat' dir='ltr'><strong>diver.</strong></span> 
     </span>
     <span class='ocr_line' id='line_1_38' title="bbox 86 3839 1188 3910; baseline 0.001 -20"><span class='ocrx_word' id='word_1_331' title='bbox 86 3855 135 3891; x_wconf 86' lang='lat' dir='ltr'><strong>sac</strong></span> <span class='ocrx_word' id='word_1_332' title='bbox 152 3839 224 3891; x_wconf 88' lang='lat' dir='ltr'><strong>ultro</strong></span> <span class='ocrx_word' id='word_1_333' title='bbox 244 3843 383 3907; x_wconf 86' lang='lat' dir='ltr'><strong>permissa,</strong></span> <span class='ocrx_word' id='word_1_334' title='bbox 403 3843 516 3909; x_wconf 85' lang='lat' dir='ltr'><strong>parvula</strong></span> <span class='ocrx_word' id='word_1_335' title='bbox 536 3843 646 3910; x_wconf 85' lang='lat' dir='ltr'><strong>quadam</strong></span> <span class='ocrx_word' id='word_1_336' title='bbox 664 3850 740 3908; x_wconf 90' lang='lat' dir='ltr'><strong>parte</strong></span> <span class='ocrx_word' id='word_1_337' title='bbox 760 3856 838 3908; x_wconf 90' lang='lat' dir='ltr'><strong>opum</strong></span> <span class='ocrx_word' id='word_1_338' title='bbox 859 3840 1010 3907; x_wconf 85' lang='lat' dir='ltr'><strong>praebenda</strong></span> <span class='ocrx_word' id='word_1_339' title='bbox 1028 3839 1106 3892; x_wconf 91' lang='lat' dir='ltr'><strong>nobis</strong></span> <span class='ocrx_word' id='word_1_340' title='bbox 1128 3856 1188 3893; x_wconf 86' lang='lat' dir='ltr'><strong>cum</strong></span> 
     </span>
     <span class='ocr_line' id='line_1_39' title="bbox 85 3910 1189 3981; baseline -0.002 -20"><span class='ocrx_word' id='word_1_341' title='bbox 85 3910 238 3962; x_wconf 85' lang='lat' dir='ltr'><strong>conciliare</strong></span> <span class='ocrx_word' id='word_1_342' title='bbox 256 3912 417 3979; x_wconf 84' lang='lat' dir='ltr'><strong>putabimus,</strong></span> <span class='ocrx_word' id='word_1_343' title='bbox 437 3912 553 3965; x_wconf 87' lang='lat' dir='ltr'><strong>celerius</strong></span> <span class='ocrx_word' id='word_1_344' title='bbox 572 3930 635 3965; x_wconf 87' lang='lat' dir='ltr'><strong>sane</strong></span> <span class='ocrx_word' id='word_1_345' title='bbox 666 3929 715 3964; x_wconf 87' lang='lat' dir='ltr'><strong>nos</strong></span> <span class='ocrx_word' id='word_1_346' title='bbox 747 3914 809 3964; x_wconf 87' lang='lat' dir='ltr'><strong>odic</strong></span> <span class='ocrx_word' id='word_1_347' title='bbox 832 3926 909 3979; x_wconf 87' lang='lat' dir='ltr'><strong>quam</strong></span> <span class='ocrx_word' id='word_1_348' title='bbox 927 3925 1017 3962; x_wconf 87' lang='lat' dir='ltr'><strong>amore</strong></span> <span class='ocrx_word' id='word_1_349' title='bbox 1038 3927 1189 3981; x_wconf 82' lang='lat' dir='ltr'><strong>peraeque.</strong></span> 
     </span>
     <span class='ocr_line' id='line_1_40' title="bbox 84 3982 1188 4052; baseline 0 -21"><span class='ocrx_word' id='word_1_350' title='bbox 84 3989 130 4032; x_wconf 89' lang='lat' dir='ltr'><strong>tut·</strong></span> <span class='ocrx_word' id='word_1_351' title='bbox 157 3990 302 4049; x_wconf 87' lang='lat' dir='ltr'><strong>propterca</strong></span> <span class='ocrx_word' id='word_1_352' title='bbox 327 3985 397 4052; x_wconf 80' lang='lat' dir='ltr'><strong>quod</strong></span> <span class='ocrx_word' id='word_1_353' title='bbox 422 3983 484 4050; x_wconf 93' lang='lat' dir='ltr'><strong>plus</strong></span> <span class='ocrx_word' id='word_1_354' title='bbox 510 3986 534 4034; x_wconf 90' lang='lat' dir='ltr'><strong>ei</strong></span> <span class='ocrx_word' id='word_1_355' title='bbox 560 3985 733 4052; x_wconf 83' lang='lat' dir='ltr'><strong>derogamus,</strong></span> <span class='ocrx_word' id='word_1_356' title='bbox 760 3998 836 4052; x_wconf 83' lang='lat' dir='ltr'><strong>quam</strong></span> <span class='ocrx_word' id='word_1_357' title='bbox 856 3982 1011 4034; x_wconf 85' lang='lat' dir='ltr'><strong>exhibemus</strong></span> <span class='ocrx_word' id='word_1_358' title='bbox 1036 3990 1082 4035; x_wconf 88' lang='lat' dir='ltr'><strong>aut</strong></span> <span class='ocrx_word' id='word_1_359' title='bbox 1099 3984 1188 4050; x_wconf 86' lang='lat' dir='ltr'><strong>potius</strong></span> 
     </span>
     <span class='ocr_line' id='line_1_41' title="bbox 86 4052 1190 4121; baseline -0.001 -19"><span class='ocrx_word' id='word_1_360' title='bbox 86 4053 158 4119; x_wconf 88' lang='lat' dir='ltr'><strong>quod</strong></span> <span class='ocrx_word' id='word_1_361' title='bbox 175 4054 301 4105; x_wconf 78' lang='lat' dir='ltr'><strong>omnibus</strong></span> <span class='ocrx_word' id='word_1_362' title='bbox 315 4054 396 4107; x_wconf 86' lang='lat' dir='ltr'><strong>rebus</strong></span> <span class='ocrx_word' id='word_1_363' title='bbox 415 4056 441 4104; x_wconf 86' lang='lat' dir='ltr'><strong>ei</strong></span> <span class='ocrx_word' id='word_1_364' title='bbox 460 4054 616 4106; x_wconf 82' lang='lat' dir='ltr'><strong>defraudato</strong></span> <span class='ocrx_word' id='word_1_365' title='bbox 644 4055 712 4108; x_wconf 89' lang='lat' dir='ltr'><strong>nihil</strong></span> <span class='ocrx_word' id='word_1_366' title='bbox 729 4054 896 4121; x_wconf 86' lang='lat' dir='ltr'><strong>praebemus.</strong></span> <span class='ocrx_word' id='word_1_367' title='bbox 948 4052 1029 4105; x_wconf 83' lang='lat' dir='ltr'><strong>facile</strong></span> <span class='ocrx_word' id='word_1_368' title='bbox 1048 4060 1136 4105; x_wconf 85' lang='lat' dir='ltr'><strong>autem</strong></span> <span class='ocrx_word' id='word_1_369' title='bbox 1156 4065 1190 4101; x_wconf 86' lang='lat' dir='ltr'><strong>cx</strong></span> 
     </span>
     <span class='ocr_line' id='line_1_42' title="bbox 84 4122 1189 4193; baseline -0.002 -20"><span class='ocrx_word' id='word_1_370' title='bbox 84 4133 236 4178; x_wconf 90' lang='lat' dir='ltr'><strong>nostrarum</strong></span> <span class='ocrx_word' id='word_1_371' title='bbox 254 4139 344 4177; x_wconf 90' lang='lat' dir='ltr'><strong>rerum</strong></span> <span class='ocrx_word' id='word_1_372' title='bbox 364 4126 531 4190; x_wconf 89' lang='lat' dir='ltr'><strong>conditione,</strong></span> <span class='ocrx_word' id='word_1_373' title='bbox 550 4126 621 4193; x_wconf 82' lang='lat' dir='ltr'><strong>quod</strong></span> <span class='ocrx_word' id='word_1_374' title='bbox 639 4127 718 4177; x_wconf 84' lang='lat' dir='ltr'><strong>modo</strong></span> <span class='ocrx_word' id='word_1_375' title='bbox 731 4127 797 4189; x_wconf 86' lang='lat' dir='ltr'><strong>dixi,</strong></span> <span class='ocrx_word' id='word_1_376' title='bbox 818 4124 915 4177; x_wconf 89' lang='lat' dir='ltr'><strong>clarius</strong></span> <span class='ocrx_word' id='word_1_377' title='bbox 937 4128 1004 4177; x_wconf 45' lang='lat' dir='ltr'><strong>crit,</strong></span> <span class='ocrx_word' id='word_1_378' title='bbox 1036 4125 1089 4177; x_wconf 91' lang='lat' dir='ltr'><strong>scis</strong></span> <span class='ocrx_word' id='word_1_379' title='bbox 1108 4122 1189 4184; x_wconf 89' lang='lat' dir='ltr'><strong>enim,</strong></span> 
     </span>
     <span class='ocr_line' id='line_1_43' title="bbox 84 4192 1191 4269; baseline -0.007 -18"><span class='ocrx_word' id='word_1_380' title='bbox 84 4203 227 4269; x_wconf 80' lang='lat' dir='ltr'><strong>antequam</strong></span> <span class='ocrx_word' id='word_1_381' title='bbox 246 4196 370 4250; x_wconf 84' lang='lat' dir='ltr'><strong>Palamae</strong></span> <span class='ocrx_word' id='word_1_382' title='bbox 387 4212 459 4250; x_wconf 81' lang='lat' dir='ltr'><strong>nova</strong></span> <span class='ocrx_word' id='word_1_383' title='bbox 482 4204 631 4266; x_wconf 66' lang='lat' dir='ltr'><strong>commenta</strong></span> <span class='ocrx_word' id='word_1_384' title='bbox 649 4195 876 4266; x_wconf 82' lang='lat' dir='ltr'><strong>amplexaremur,</strong></span> <span class='ocrx_word' id='word_1_385' title='bbox 895 4210 996 4249; x_wconf 86' lang='lat' dir='ltr'><strong>summa</strong></span> <span class='ocrx_word' id='word_1_386' title='bbox 1017 4210 1076 4247; x_wconf 89' lang='lat' dir='ltr'><strong>cnm</strong></span> <span class='ocrx_word' id='word_1_387' title='bbox 1096 4192 1191 4245; x_wconf 76' lang='lat' dir='ltr'><strong>iclici-</strong></span> 
     </span>
    </p>
   </div>
   <div class='ocr_carea' id='block_1_6' title="bbox 184 4290 993 4383">
    <p class='ocr_par' dir='ltr' id='par_1_10' title="bbox 184 4290 993 4383">
     <span class='ocr_line' id='line_1_44' title="bbox 184 4290 993 4383; baseline -0.01 -30"><span class='ocrx_word' id='word_1_388' title='bbox 184 4294 348 4371; x_wconf 60' lang='lat' dir='ltr'><strong>nuptm·</strong></span> <span class='ocrx_word' id='word_1_389' title='bbox 367 4295 476 4369; x_wconf 72' lang='grc' dir='ltr'><strong><em>(ἕτερον.</em></strong></span> <span class='ocrx_word' id='word_1_390' title='bbox 502 4293 556 4353; x_wconf 79' lang='lat' dir='ltr'><strong>Vol.</strong></span> <span class='ocrx_word' id='word_1_391' title='bbox 576 4293 632 4349; x_wconf 83' lang='lat'><em>111.</em></span> <span class='ocrx_word' id='word_1_392' title='bbox 912 4378 915 4383; x_wconf 24' lang='grc' dir='ltr'>Ι</span> <span class='ocrx_word' id='word_1_393' title='bbox 978 4290 993 4345; x_wconf 89' lang='grc'><strong>7</strong></span> 
     </span>
    </p>
   </div>
   <div class='ocr_carea' id='block_1_7' title="bbox 0 0 1514 4759">
    <p class='ocr_par' dir='ltr' id='par_1_11' title="bbox 0 0 1514 4759">
     <span class='ocr_line' id='line_1_45' title="bbox 0 0 1514 4759; baseline 0 6"><span class='ocrx_word' id='word_1_394' title='bbox 0 0 1514 4759; x_wconf 95' lang='lat' dir='ltr'><strong> </strong></span> 
     </span>
    </p>
   </div>
  </div>
 </body>
</html>
