3017 4759
300 227 523 309 nisromaa
550 155 934 301 ornamentorum.
958 216 1047 303 tt.
1173 228 1222 305 os

117 392 240 481 γλώττῃ
265 394 327 455 τῶν
351 388 522 475 ἐνέλεγκτα
544 393 726 475 ψευδεσθαι
746 394 822 476 περί
842 399 903 461 τεέν
925 397 994 462 ἐκεῖ
1010 401 1220 481 βουλομένων,

118 487 184 558 οὔτ’
207 490 328 567 ἰδόντες
348 486 412 557 οὔτ’
435 491 628 569 οἰισὺσαντες
651 498 713 560 τῶν
727 497 885 561 ἐνταυθοῖ
903 499 1015 580 μηδὲν,
1037 498 1220 583 παρελθόν-

117 620 169 672 τες
193 586 248 660 οὖν
271 594 389 660 εέδέναι
421 596 601 659 διετείνοντο
630 598 752 677 βέλτιον
777 596 866 679 ἡμῶν
891 601 966 683 περί
995 603 1056 664 aeda
1076 602 1221 666 ἐνταῦθα

119 701 176 761 καί
196 690 444 778 διεμυθυλὸγουν
475 694 638 782 τερατώδη
670 696 739 763 τινὰ
772 696 827 761 κατ’
846 693 1008 786 ’μ’λλόκοτα
1031 699 1220 785 διηγήματα,

91 790 205 860 andro
227 793 282 859 κατ’
301 792 331 861 οἱ
352 800 426 880 περί
446 793 499 860 τὸν
514 798 678 876 Παλαμᾶν
699 796 922 882 ἐπεπράχεσαν
944 801 999 865 καί
1016 802 1152 863 τοιαῦτα
1175 802 1220 887 τῷ

121 896 225 985 οἰκείῳ
249 898 422 973 ξυνέθεσαν
443 898 541 986 τόμῳ.
593 893 614 961 ἃ
635 897 697 982 γὰρ
732 896 900 980 ἐβούλοντο
920 903 1071 983 γενέσθαι
1091 904 1159 984 μέν,
1182 899 1257 963 etz

117 1002 302 1080 γεγένηνται
324 998 371 1083 δι’,
391 996 445 1063 κατ’
466 993 488 1061 δέ
512 1001 611 1080 λέγειν
627 995 792 1080 ἐβούλοντο
812 1000 882 1080 μέν,
899 1001 940 1063 ου’
963 999 1149 1086 δεδύνηνται
1174 1001 1221 1082 δέ,

118 1100 182 1164 τῶν
204 1100 402 1181 παραχρῆμα
424 1095 561 1182 ἐλέγχων
583 1102 726 1181 τυῖςμέν
749 1100 992 1182 ἐντυγχάνοντες
1013 1095 1074 1188 ἤδη
1096 1100 1171 1180 τους
1192 1106 1220 1169 δ’

119 1195 350 1271 ὑποπτεύοντές
374 1202 402 1279 γ’
436 1196 497 1279 ἐτι,
534 1202 634 1263 ταῦτα
664 1199 702 1283 δη“
735 1197 817 1281 μετδ
848 1202 965 1283 πολλῆς
993 1203 1134 1279 ἐξέθεντο
1166 1208 1221 1286 τῆς

118 1403 198 1463 σθαι
219 1396 307 1479 μάλα
323 1397 565 1481 τεθαρρηκότες,
591 1399 645 1465 καί
658 1397 694 1463 τό
710 1423 745 1484 γε
765 1399 852 1483 πυροὶ
876 1401 988 1485 σφίσιν
1005 1404 1115 1478 adroic
1130 1403 1222 1469 ἐνέν.
1270 1455 1272 1463 .

120 1523 206 1586 popa
230 1496 314 1582 ἐχειν
341 1495 423 1563 αὐτοὶ
450 1499 509 1585 ,καί
533 1499 607 1583 ἡμῖν
629 1503 763 1565 α’θέατα.
815 1505 898 1587 φασί
921 1503 952 1597 δί
976 1495 1033 1565 οὖν
1056 1508 1223 1584 Παλαμιῐν

117 1600 156 1666 τά
181 1626 212 1665 τε
236 1593 317 1665 ἄλλα
338 1599 417 1685 πρὸς
447 1598 570 1687 α’πὰτην
593 1604 672 1685 δρᾶν
694 1606 758 1667 τῶν
779 1602 1025 1687 ἁπλουστέρων,
1044 1602 1100 1667 κατ’
1121 1608 1223 1686 θερα-

120 1701 211 1775 πείας
235 1704 331 1785 δῆθεν
352 1703 413 1766 τῶν
430 1703 728 1784 σκανδαλιζομένων
747 1711 814 1765 κατ’
833 1700 938 1765 ου’τοδ
956 1698 1145 1769 ἐπισκόπων.
1170 1704 1225 1770 καί

77 1811 108 1863 tb
116 1808 177 1884 μὲν
197 1805 235 1887 δη
260 1804 316 1866 καί
334 1806 397 1868 τοῖν
420 1806 509 1892 αὐτῷ
529 1807 827 1890 βλασφημηθέντυιν
847 1800 917 1868 ἔνια
934 1802 1085 1870 κόπτοντα
1108 1829 1142 1870 τε
1166 1810 1222 1872 καί

119 1907 238 1985 ξέοντα,
253 1908 433 1983 ξυντιθέναι
446 1906 502 1969 νῦν
514 1908 548 1969 ἐν
570 1898 682 1980 ἄλλοις
695 1908 796 1984 λέξεσι
810 1904 865 1968 τδν
878 1909 1132 1990 βλασφημοῦυτα
1147 1911 1228 1971 νοῦν-

119 2014 183 2081 coia
196 2009 276 2083 νέοις
293 2003 401 2088 τόμοις
416 1988 523 2084 edred,
544 1998 594 2071 ἅτ’
607 2006 663 2070 ov‘a
676 2000 795 2072 εέδέναι
808 2012 869 2071 τῶν
885 2002 1063 2072 ἐπισκόπων
1078 2003 1219 2089 ἐχόντων

117 2111 213 2171 πλέον
233 2108 326 2173 οὐδὲν
353 2100 373 2191 ἢ
395 2102 444 2171 ὅτι
470 2104 593 2187 ἐξεσται
621 2102 642 2172 ἃ
664 2108 770 2181 κακαῖς1
796 2107 954 2187 τέθειται,
988 2096 1040 2169 eie
1063 2110 1094 2170 d'
1114 2103 1138 2169 δέ
1161 2112 1222 2189 μὲν

118 2205 241 2285 ἐξεσται
263 2199 315 2271 οἶα
342 2210 369 2272 δ’
391 2199 433 2273 αὖ
452 2205 625 2276 ἃτέθειται
645 2207 704 2292 την
716 2206 852 2291 δύναμίν
867 2211 947 2284 ἐστι,
966 2205 1088 2271 τούτων
1107 2210 1136 2271 δ’
1159 2202 1222 2273 οὔτ’

74 2324 109 2379 20
119 2294 242 2372 ἐπαΐειν
255 2301 335 2383 ὅλους
349 2301 422 2373 οὕτε
437 2311 624 2403 φροντίζειν.
637 2312 811 2394 προφέρειν
822 2307 884 2391 γὰρ
899 2306 954 2373 καί
964 2305 1124 2394 μραφικές
1136 2311 1225 2391 λέγε-
1258 2294 1270 2313 ⁰

121 2432 175 2471 ται
197 2414 390 2492 μαρτυρίας,
414 2409 473 2491 οὐχ
494 2407 537 2483 οἷς
556 2406 685 2491 ἔχουσιν
699 2406 840 2492 δηιείας,
860 2404 941 2473 ἀλλὰ
960 2413 1224 2492 παραφθείροντα

120 2510 165 2595 πῇ
187 2511 247 2589 μὲν
260 2517 326 2586 ταῖς
339 2513 482 2590 ἐντομαῖς
495 2508 550 2574 καί
559 2507 788 2595 -παραλλιέξεσι,
809 2513 852 2602 πῇ
865 2513 901 2576 δὲ
920 2519 989 2586 ταῖς
1002 2512 1026 2550 ‘¹
1038 2508 1252 2593 παρεξαγιο-ῐο
1267 2507 1316 2561 111
1327 2508 1354 2563 b.

87 2656 91 2663 .
119 2616 194 2694 yreia
215 2606 297 2690 δμυτῖ
315 2633 349 2677 τε
370 2614 425 2675 καί
443 2610 700 2696 παρεξηγησεσιν.
742 2601 797 2692 ὧν,
817 2615 847 2677 εἰ
869 2615 1080 2697 βουληθείης,
1110 2613 1166 2675 οδκ
1185 2603 1226 2675 ἐν

119 2925 185 2976 bent
203 2922 349 2987 licentiam,
375 2923 426 2975 iam
445 2921 520 2975 nulla
538 2929 688 2975 nostrarum
704 2936 793 2975 rerum
815 2929 891 2989 parte
909 2928 956 2974 aut
976 2922 1035 2973 visa
1060 2928 1106 2972 aut
1134 2923 1224 2975 audita

121 3012 152 3048 sc
171 2993 266 3047 melius
286 3010 363 3063 quam
383 3008 497 3053 nos1eus
517 2996 680 3061 cognovisse
700 2993 895 3045 contenderent
914 3000 994 3060 atque
1012 2999 1176 3045 monstrosas
1197 3000 1224 3045 et
1301 3011 1313 3024 r

120 3074 291 3135 portentosas
313 3065 416 3117 fabulas
435 3066 630 3134 confingerent.
670 3080 734 3133 quas
754 3065 825 3115 euim
840 3078 884 3115 res
904 3064 1030 3115 evenisse
1044 3062 1150 3131 quidem
1170 3079 1225 3117 vo.

121 3138 224 3202 lebant,
244 3136 327 3189 iactas
346 3150 413 3189 vero
435 3151 566 3190 essenon
586 3136 777 3189 videbantaut
803 3150 868 3202 quas
891 3135 982 3186 dicere
1007 3135 1114 3203 quidem
1140 3136 1223 3187 vole.

120 3210 186 3261 bant
204 3223 292 3277 neque
311 3223 397 3273 vero,
423 3224 502 3276 quum
521 3216 566 3259 aut
584 3208 672 3261 statim
697 3208 747 3258 iam
767 3206 944 3258 refutationes
962 3206 1088 3260 adessent
1106 3215 1224 3259 autnon

121 3282 232 3348 longum
254 3280 350 3333 abesse
369 3282 579 3347 suspicarentur,
591 3281 681 3331 dicere
700 3286 834 3346 poterant,
851 3293 896 3331 eas
915 3286 1004 3331 tamen
1016 3294 1108 3331 omnes
1127 3294 1223 3347 magna

123 3368 181 3403 eum
201 3353 354 3419 arrogantia
378 3352 405 3402 in
433 3366 464 3403 eo
494 3359 676 3418 exposuerunt
689 3351 817 3415 temporis
836 3352 1037 3423 opportunitate
1054 3342 1224 3419 inexplorati

62 3462 67 3472 ,
123 3425 284 3475 ementiendi
303 3423 382 3475 valde
401 3424 463 3475 freti
484 3430 511 3473 et
530 3438 560 3475 se
585 3422 700 3486 tomum,
726 3430 755 3473 ut
781 3422 859 3474 uobis
879 3438 939 3473 eum
956 3423 1094 3489 inspicere
1112 3437 1167 3475 non
1185 3422 1223 3473 li.

122 3502 208 3558 ceret,
230 3494 299 3561 apud
318 3510 347 3547 se
366 3509 596 3561 reservareposse
615 3494 718 3545 condsi.
738 3493 830 3545 dicunt
847 3502 935 3545 autem
954 3492 1085 3547 Palamam
1104 3495 1136 3545 ad
1147 3494 1223 3545 frau-

121 3568 183 3619 dem
205 3566 395 3633 simpliciorum
416 3576 442 3617 et
459 3568 491 3619 ad
501 3566 717 3618 conciliationem
727 3568 914 3633 episcoporum
923 3567 948 3616 ei
964 3566 1123 3617 eliensorum
1144 3578 1224 3633 quum

121 3636 177 3687 alia
201 3636 309 3702 lacere,
334 3646 388 3689 tum
415 3640 539 3707 quasdam
564 3636 742 3705 blasphemias
768 3637 953 3706 dillingentern
972 3645 1052 3702 atque
1072 3635 1224 3688 eradentem

121 3723 194 3758 nunc
213 3708 274 3761 aliis
292 3708 381 3761 verbis
400 3709 568 3777 blasphemas
587 3709 734 3762 sententias
752 3710 832 3760 novis
850 3709 928 3759 tomis
944 3720 1105 3775 componere
1124 3708 1224 3775 quippe

123 3795 205 3846 quum
226 3780 345 3847 episcopi
364 3781 433 3832 nihil
452 3782 565 3849 amplius
584 3782 653 3833 scire
665 3781 866 3848 possiut‚quam
886 3793 962 3830 crasa
982 3794 1053 3844 esse,
1073 3778 1223 3847 quaemale

122 3852 213 3917 posita
230 3860 320 3915 erant;
341 3868 418 3919 quam
440 3861 528 3906 autem
548 3854 601 3905 vim
621 3852 665 3905 vel
685 3867 761 3905 erasa
781 3851 825 3904 vel
852 3851 940 3918 posita
966 3849 1099 3913 habeant,
1126 3850 1154 3901 id
1172 3865 1223 3901 nec

122 3922 281 3991 intelligunt
299 3939 350 3973 uec
369 3934 473 3977 curant.
510 3926 661 3977 testimonia
681 3926 760 3977 ctiam
780 3939 813 3975 ex
837 3922 920 3974 sacris
939 3922 1080 3989 scripturis
1098 3921 1240 3989 prolerre¹

123 3994 240 4057 dicitur,
267 4008 321 4045 nou
347 3996 395 4047 illa
414 3996 519 4063 quidem
533 4010 597 4048 sana
616 4004 695 4063 atque
715 3996 838 4063 integra,
866 3994 912 4046 sed
932 3995 1027 4062 partim
1045 3991 1224 4046 incisionibus

124 4075 152 4117 et
174 4066 436 4131 commutationibus,
458 4068 551 4133 partim
574 4065 716 4120 fallacibus
736 4068 865 4134 etpraais
883 4064 1148 4133 interpretationibus
1161 4074 1225 4109 cor.

124 4144 210 4207 rupta.
232 4153 355 4206 quorum,
375 4140 397 4192 si
417 4138 465 4192 tibi
486 4138 589 4191 volenti
608 4146 658 4203 est,
679 4138 801 4206 equidem
819 4153 872 4191 non
884 4137 1057 4199 cessaverim,
1076 4133 1125 4185 tibi
1144 4129 1225 4183 otium
