3017 4759
253 156 475 271 nrsroamn
504 186 764 283 erzanrrua'n
792 221 886 285 xxv.
908 204 1095 289 38-35.
1184 219 1229 291 ot

136 347 288 433 πημάτων
309 356 553 447 ἐκπεπληγμένοι
571 390 625 449 τε,
645 366 699 433 καί
720 370 796 436 ου’δδ
818 376 928 459 φέρειν
950 375 1098 459 καθάπαξ
1118 378 1235 462 άνεχά-

132 471 224 527 μενοι
246 453 311 539 ,τάς
340 457 463 525 πάντων
495 464 549 529 διά
573 470 675 533 ταῦτα
700 469 900 555 πανταχόθεν
924 472 1033 560 ὕβρεις
1055 482 1110 542 καί
1132 479 1235 563 άπεχ-

134 552 241 627 θείας·
294 562 348 623 καί
369 554 455 639 ὅπως
476 564 493 627 δ
514 567 666 647 βασιλεδς
693 570 814 653 μεταξά
843 575 1057 660 παρεμπεσιάν
1078 576 1153 656 τσάς
1174 583 1233 661 μὲν
1280 626 1283 631 -

133 654 288 731 θωπείαις
309 660 363 724 καί
388 664 564 749 χρημάτων
598 672 767 754 διανομαῖς
788 672 917 769 τοδςδ
947 676 1091 757 άτιειλαῖς
1112 680 1235 766 άπηγά.

103 748 202 831 5γετό
224 778 257 818 τε
277 760 332 821 καί
365 766 409 849 τῷ
430 768 579 857 Παλαμηῖ
606 768 800 855 συμμάχους
831 770 912 839 εἶναι
934 780 1081 845 πέπεικεν
1101 780 1161 861 αἐί,
1179 780 1236 847 καί

132 850 250 930 τόμους
271 861 422 924 τίθεσθαι
450 860 601 951 καινοάς,
628 875 682 955 τῆς
713 873 816 937 αάτοά
834 876 1012 958 βεβαιωτάς
1034 881 1231 964 δυσσεβείας.

131 954 196 1015 τῶν
216 956 277 1034 μὲν
300 948 356 1023 adv
388 954 493 1028 άλλων
525 969 673 1036 ἁπάντων
695 976 768 1058 πέρι
791 977 895 1057 ζητεῖν
922 980 979 1042 καί
1002 982 1230 1064 διερευνᾶσθαι

129 1049 317 1134 βούλεσθαι,
339 1054 395 1125 άτε
420 1071 536 1151 σχολῆς
553 1071 687 1153 δεόμενα
709 1075 860 1163 πλείονος,
880 1073 1002 1164 ἑτέροις
1021 1078 1142 1165 ἔγνωκα
1161 1082 1231 1150 δεῖν

129 1154 343 1233 ταμιεύεσθαι
376 1165 520 1246 χρόνοις·
572 1171 668 1251 ου’τάς
698 1178 732 1240 δὲ
765 1175 881 1259 μόνοις·
903 1178 980 1246 δυσί
1007 1185 1150 1268 τουτοισί
1175 1188 1231 1269 την

83 1260 119 1314 10
129 1256 236 1343 πάσαν
257 1262 316 1322 τοῦ
337 1263 440 1329 πάθον
462 1270 609 1355 σπουδὴν
626 1280 837 1361 περιέκλεισα,
859 1280 916 1365 τήν
932 1305 966 1346 τε
987 1282 1152 1368 κάθειρξιν
1173 1282 1229 1369 την

128 1350 187 1439 oia
205 1364 342 1448 μαθεῖν,
373 1368 494 1454 δηλαδή
528 1376 592 1449 πῶς
624 1377 656 1450 ἐς
681 1376 716 1442 τὸ
736 1377 915 1466 βιαιότερον
936 1377 959 1467 ἧ
978 1383 1146 1459 κατάτοάς
1170 1378 1228 1449 dt·

128 1460 203 1531 λους
226 1463 428 1549 ἐξενηνέχθαι
460 1481 525 1548 τοῖς
557 1465 713 1559 άρχουσιν
747 1478 797 1564 εἴη
821 1484 1060 1567 ἐψηφισμένον,
1085 1484 1141 1548 καί
1158 1480 1227 1565 άμα

126 1559 163 1623 τί
176 1552 214 1623 άν
235 1559 285 1646 εἴη
309 1565 346 1629 τά
373 1577 441 1645 τοῖς
465 1584 585 1649 καινοῖς
603 1576 680 1658 πρὸς
702 1582 766 1641 τάν
796 1577 974 1645 ἐπισκόπων
996 1588 1051 1647 καί
1070 1589 1228 1666 βασιλέων

128 1660 366 1746 ἐγγεγραμμένα
380 1668 498 1752 τόμοις,
520 1679 575 1739 καί
594 1671 665 1741 ὅτου
685 1677 784 1761 χάριν
804 1679 899 1746 adnot
912 1687 986 1746 καθ’
1010 1682 1127 1760 αδτοάς
1147 1710 1227 1751 συν-

81 1768 116 1826 15
126 1762 299 1840 τεθεικότες
321 1764 440 1849 αάτοδς
462 1773 553 1839 adrat
571 1778 626 1841 καί
646 1783 816 1862 κατέχουσι
837 1785 912 1867 παρ’
931 1778 1064 1863 ἑαυτοῖς,
1087 1788 1226 1851 dadano-

126 1886 185 1925 στα
222 1856 338 1930 τᾶνδον
366 1878 488 1957 σιωπῆς
518 1879 871 1961 μυχοῖςκαλάπτοντες
903 1886 960 1948 καί
982 1878 1058 1965 ipra
1087 1890 1223 1973 ε’μφανί·

126 1963 190 2038 ζειν
214 1965 254 2027 ου’
273 1968 362 2048 μάλα
383 1977 566 2056 τολμῶντες.

224 2069 313 2150 Περί
337 2073 396 2152 μὲν
428 2076 488 2139 σοά
515 2081 626 2145 πολλοί
656 2082 805 2159 πολλάκις
834 2086 869 2148 ἐκ
893 2089 1016 2150 πολλῶν
1044 2087 1293 2173 ε’λίχθησανη·

122 2161 227 2249 λόγοι,
258 2166 410 2256 διάφοροι
440 2180 499 2259 μὲν
518 2173 601 2246 εἶναι
622 2184 803 2267 δοκοῦντες,
835 2188 860 2226 “
880 2184 956 2270 πρὸς
977 2190 1006 2251 δ’
1025 2186 1081 2253 ἕνα
1109 2190 1362 2270 maiust-1091).

75 2284 112 2339 20
120 2268 287 2347 βλέποντες
308 2272 432 2340 σκοπόν.
455 2281 623 2364 τάγκιάμια
643 2282 682 2349 τά
706 2285 746 2351 σά
773 2286 905 2372 δηλαδή,
935 2286 979 2364 ὦς
1001 2287 1128 2355 ἐκείνων
1146 2286 1224 2356 ἑκά-

120 2390 187 2455 στην
209 2372 385 2453 διαθέσεως
407 2375 493 2462 ἔχειν
514 2382 593 2469 πρὸς
623 2389 658 2451 σὲ
681 2391 866 2471 συνέβαινε,
888 2388 944 2455 καί
965 2383 1033 2473 άμα
1053 2398 1224 2476 σχολαστι-

120 2470 177 2553 κῆς
200 2474 279 2559 πρός
299 2499 335 2558 γε
357 2479 395 2543 τά
421 2482 570 2567 δρώμενα
590 2488 742 2567 διανοίας.
766 2482 812 2567 οἷς
829 2514 865 2576 γε
885 2489 949 2578 μὴν
971 2489 1003 2570 ἒς
1018 2490 1058 2557 τά
1081 2494 1221 2577 μάλιστα

121 2802 180 2839 rum
198 2787 250 2857 ipsi
272 2795 408 2860 perterriti
428 2799 604 2853 contumelias
625 2808 652 2853 et
677 2802 831 2856 iuimicitias
856 2804 973 2855 omnium
991 2804 1167 2874 undecunque
1191 2808 1220 2858 ia

122 2874 169 2911 eos
190 2861 318 2917 conflatas
338 2868 444 2920 omnino
465 2869 536 2923 ierre
557 2886 610 2925 non
629 2883 754 2939 possent:
773 2883 804 2927 ut
820 2875 937 2943 denique
950 2875 1096 2943 Imperator
1113 2878 1141 2927 in
1159 2893 1220 2929 me.

121 2930 180 2982 dios
194 2934 300 2989 irruens
319 2938 392 3009 aiios,
405 2939 541 2997 blanditiis
563 2952 589 2994 et
608 2944 811 3013 largitionibus,
831 2938 901 3015 alios
924 2947 1004 2999 minis
1023 2945 1074 2998 sibi
1095 2948 1219 3001 subactos

121 3002 149 3051 in
163 3001 287 3059 Palamae
305 3018 395 3077 partes
414 3014 538 3066 traxisset
558 3024 584 3067 et
604 3016 747 3081 effecisset,
768 3026 798 3068 nt
816 3032 901 3070 nouos
922 3025 1007 3068 tomos
1026 3026 1220 3085 componerent

122 3073 220 3140 quibus
239 3078 402 3146 impietatem
425 3085 482 3136 eius
509 3087 704 3139 confirmarent.
743 3104 822 3155 quum
841 3102 907 3140 vero
929 3089 962 3140 de
982 3089 1079 3140 ceteris
1097 3089 1217 3142 omnibus

121 3144 201 3198 rebus
215 3151 238 3200 si
251 3165 381 3218 quaerere
400 3162 481 3222 atque
500 3158 667 3222 percunctari
687 3156 797 3222 vellem,
809 3160 911 3210 maiore
929 3160 993 3211 mihi
1012 3160 1068 3211 otio
1091 3175 1158 3228 opus
1171 3176 1217 3214 es.

120 3225 171 3281 set,
191 3220 218 3269 in
236 3220 289 3272 alia
307 3231 427 3290 tempora
448 3229 475 3280 id
494 3228 667 3281 differendum
687 3246 747 3283 esse
766 3232 858 3299 putavi
886 3238 965 3300 atque
991 3231 1093 3286 duabus
1116 3240 1215 3285 tantum

120 3288 196 3339 hisce
214 3292 293 3345 rebus
315 3298 463 3350 accuratius
495 3299 663 3367 explorandis
689 3316 767 3353 omne
785 3303 899 3353 studium
919 3312 946 3354 et
964 3318 1072 3371 opernm
1089 3304 1215 3371 impendi,

119 3368 148 3411 ut
167 3362 278 3427 primum
297 3366 401 3433 quidem
421 3384 623 3439 cognoscerem,
646 3388 692 3424 cur
706 3374 734 3424 in
751 3374 896 3425 custodiam
915 3376 1076 3427 atrociorem
1096 3384 1215 3443 tequam

119 3434 239 3503 reliquos
259 3436 446 3492 includendum
465 3458 526 3495 ease
549 3443 713 3510 imperantes
737 3445 940 3498 decrevissent:
965 3447 1066 3498 deinde
1091 3448 1214 3514 quidnam

117 3508 198 3557 novis
221 3510 278 3559 istis
298 3511 390 3560 tomis·
404 3513 436 3564 ab
457 3515 591 3581 episcopis
611 3524 637 3567 et
654 3516 861 3583 imperatoribus
889 3518 1065 3585 perscriptum
1091 3525 1163 3569 esset
1188 3525 1214 3600 et

119 3592 202 3644 quare
222 3594 268 3632 eos
286 3595 301 3631 a
319 3596 349 3632 se
368 3583 433 3649 ipsis
454 3586 592 3639 coniectos
620 3589 698 3639 etiam
719 3588 788 3654 apud
807 3604 838 3642 se
861 3590 1023 3653 retinerent,
1051 3595 1213 3672 argumentis

118 3662 221 3715 eorum,
239 3667 274 3701 ue
292 3653 430 3722 quisquam
451 3673 482 3709 ea
504 3659 645 3727 explorare
666 3667 767 3728 posset,
786 3659 919 3727 profunda
936 3660 1117 3714 taciturnitate
1131 3675 1212 3712 anuo.

116 3720 191 3784 lutis,
214 3725 351 3792 nequead
371 3738 488 3781 vestram
506 3732 627 3783 notitiam
647 3748 678 3783 ea
696 3730 819 3799 proferre
840 3733 976 3784 auderent.

216 3822 256 3872 De
275 3830 302 3873 te
320 3826 404 3893 igitur
420 3828 495 3879 multi
506 3844 589 3895 saepe
606 3828 721 3882 amriltis
740 3830 896 3881 ferebantur
904 3844 1052 3894 sermones,
1064 3830 1109 3898 qui
1117 3846 1211 3897 quam-

115 3908 193 3962 quam
212 3897 283 3946 inter
301 3911 331 3948 se
349 3898 451 3951 diversi
472 3901 639 3968 uidebantur,
659 3903 691 3953 ad
709 3918 791 3955 unum
808 3910 897 3953 tamen
925 3916 1016 3954 omnes
1040 3902 1119 3986 tinem
1145 3917 1211 3969 spe.

115 3965 237 4033 ctahant,
266 3966 300 4017 ad
318 3976 376 4021 tuas
396 3971 502 4024 scilicet
525 3972 627 4038 laudes,
647 3982 726 4041 prout
744 3976 858 4042 quisque
883 3973 929 4028 vei
953 3975 1040 4027 animo
1066 3989 1094 4025 ru
1112 3980 1140 4057 tc
1166 3973 1210 4023 oi·

114 4038 199 4093 fectus
219 4038 266 4093 uel
286 4040 387 4093 iudicio
405 4042 438 4093 de
457 4043 547 4109 rebus,
567 4061 636 4113 quae
657 4054 795 4115 geruntur,
815 4046 950 4112 praeditus
970 4055 1035 4098 erat.
1078 4057 1209 4112 qu1v⁰r⁰

114 4125 190 4183 quarn
208 4112 323 4167 maxime
342 4110 474 4169 Paiamam
493 4123 521 4168 et
542 4114 701 4185 coccinum,
721 4117 871 4172 Heracleae
890 4120 1060 4188 episcopum,
1079 4117 1210 4183 frequen-
