3017 4759
255 201 304 307 so
563 199 786 275 sammon
818 196 1050 269 carcerae

251 371 330 448 φοῑς
350 362 398 427 ἐντ’
425 363 535 442 αάτοῦ,
559 361 696 436 καὶτοῖς
719 365 782 427 τάν
806 364 1027 445 συλλογισμῶν
1047 360 1279 431 ἀποδεικτικοῖς
1296 359 1359 437 βί-

256 470 342 531 deors
362 465 395 537 ἐς
416 461 454 529 τά
478 463 628 547 κράτιστα
650 462 818 543 βάλλσντός
839 486 873 527 τε
900 465 957 527 καί
977 466 1126 534 νικῶντος
1146 454 1276 537 αάτοῦς,
1300 456 1357 519 καί

255 560 388 645 μάλισθ’
422 558 470 631 ὅτε
496 566 570 647 περί
602 559 767 645 δογμάτων
803 567 945 642 τιοτρίων
981 566 1035 642 τῆς
1063 563 1235 643 θρησκείας
1266 550 1305 639 ἤν
1336 554 1356 617 ά

255 659 362 747 sireis·
414 668 583 750 τηνικαῦτα
613 662 674 748 γάρ
706 665 805 740 ειολῦς
833 658 913 731 κατά
947 667 1040 749 σφῶν
1073 669 1143 735 ταῖς
1174 663 1235 724 τοῖν
1255 660 1357 723 θείων

254 768 388 852 γραφῶν
413 766 595 840 ἀποδείξεσι
629 760 709 849 ῥέων
729 759 847 846 ἰχθύας
875 766 1024 849 ἀφώνους
1046 756 1193 844 ἄντικρυς
1213 757 1388 843 doctam

147 888 149 899 ’
253 862 334 934 sicto
349 864 404 933 καί
428 868 634 951 χαλεπαίνειν
656 862 744 933 ἐνίοτ’
772 867 806 927 ἐν
828 862 950 938 τούτοις
979 862 1168 947 ὁρμημένον
1192 858 1249 923 τὸν
1270 858 1357 940 ῥήγα

252 964 379 1049 ἔθελγεν
415 958 513 1041 αὖθις
542 961 642 1031 aristis·
675 967 714 1051 τῇ
740 970 805 1031 τοῦν
836 962 936 1046 λόγων
966 965 1090 1045 σειρήνι
1123 965 1180 1026 καί
1208 968 1279 1035 ταῖς
1300 964 1358 1040 τής

253 1066 408 1150 ἀληθείαις
428 1065 666 1149 ἀναντιρρήτοις
688 1057 848 1151 στροφαῖς
875 1064 929 1127 καί
955 1071 1195 1149 τιεριστροφαῖς.
1240 1057 1359 1122 τοιαί-

253 1191 320 1243 ταις
344 1165 383 1250 δή
405 1191 469 1233 τισι
500 1164 652 1247 μεθόδοις
672 1163 706 1229 sd
727 1163 923 1247 χαλεαεῑνόν
944 1189 978 1229 τε
1008 1163 1192 1229 ἀνέστελλεν
1211 1152 1358 1243 ἐμμελοῦς

252 1271 308 1349 τής
330 1266 459 1353 ῥηγικής
481 1270 599 1350 ἐκείνης
631 1270 760 1353 ψυχῆς,
782 1269 837 1332 καί
849 1266 883 1330 sd
897 1267 1064 1346 εὐθυμοῦν
1084 1264 1263 1345 ἀντεισήγεν
1286 1261 1357 1326 ἐντι-
1367 1276 1405 1329 1⁰
1445 1304 1449 1310 ·

254 1372 358 1441 ειτιαίς.
403 1371 457 1434 καί
477 1362 514 1453 ἢν
528 1368 645 1443 ,ἀτελοῦς
668 1370 768 1435 εἰπεῖν
798 1368 904 1442 οῦδείς
927 1370 989 1431 ττῦν
1010 1364 1160 1431 ἀνιόντων
1184 1361 1218 1440 ῦς
1241 1366 1282 1427 ου’
1301 1371 1359 1427 λο-

253 1472 344 1552 γικοῦ
359 1469 474 1544 παντὸς
497 1470 617 1552 ἀγῶνος
638 1473 714 1549 μεθ’
736 1469 914 1551 ὑπερβολῆς
936 1467 1025 1554 crispi
1046 1465 1084 1532 τά
1107 1469 1162 1552 τής
1185 1472 1270 1548 νίκης
1292 1492 1359 1529 sss-

255 1578 343 1653 ρεῖχε
365 1568 513 1654 τρόπαια,
535 1563 609 1636 οὔθ’
629 1565 660 1650 ῦς
681 1594 727 1644 τις
752 1570 790 1653 ori
811 1567 899 1649 μάλα
911 1565 1057 1647 ἀξύνετος
1074 1567 1254 1651 Ἑλληνικῆς
1273 1568 1360 1647 μοῦ-

189 1684 310 1753 wenc
332 1660 379 1753 ἦν,
406 1664 478 1733 οὔδ’
500 1663 586 1747 ὅστις
601 1672 991 1754 Λατινικήςφιλοσοφίας
1014 1662 1051 1731 ου’
1075 1664 1162 1747 μάλα
1188 1694 1216 1731 τι
1241 1668 1356 1750 ἀδαής.

254 1763 339 1850 εἶχόν
361 1792 395 1851 γε
415 1769 479 1851 μήν
497 1769 594 1853 ἔγωγε
617 1774 676 1837 τοῦ
698 1767 813 1853 ἀνδρὸς
833 1772 953 1834 ἐκείνου
986 1766 1045 1853 τήν
1077 1768 1189 1854 φήμην
1209 1772 1265 1832 καί
1284 1771 1406 1849 upirltt

254 1870 401 1937 ἐντεῦθεν
423 1873 603 1955 ἐκπλεῦσαι,
622 1871 667 1955 μή
690 1871 789 1951 μόνον
808 1877 878 1945 ταῖς
893 1878 1035 1955 γραφαῖς
1053 1870 1256 1951 ἐντυγχάνων
1275 1870 1360 1933 ἐκεί-

256 1993 312 2040 νον
337 1966 487 2044 πολλάκις
512 1970 582 2053 αἱδί,
604 1968 642 2045 ἃς
664 1974 784 2036 ἐκεῖθεν
805 1974 922 2044 ἐκεῖνος
942 1972 996 2035 σοι’
1022 1974 1084 2035 τῶν
1107 1995 1141 2034 τε
1162 1970 1360 2055 γραμμάτων

222 2092 226 2102 ‘
257 2063 476 2149 assiduasse
498 2074 630 2155 φιλικοῦ
651 2069 842 2155 καθήκοντος
871 2068 1081 2152 ἀμειβόμενος
1105 2067 1254 2154 ἔπεμπεν,
1278 2068 1359 2133 ἀλλά

127 2186 148 2241 i.
163 2174 313 2243 Iobates*
333 2170 460 2235 ἀκτάων
482 2174 630 2247 ἐπαίνους
649 2176 673 2213 “
689 2174 789 2239 ου’τοῦ
810 2198 845 2255 γε
866 2170 1010 2257 μακρσδς
1033 2172 1095 2236 ἀαὸ
1119 2171 1277 2252 στόματος
1298 2173 1362 2235 τοῦτ
1397 2233 1400 2239 ,

257 2265 329 2340 ὅσοι
354 2273 525 2357 ἀφιγμένοι
549 2274 670 2339 ἐκεῖθεν
690 2272 834 2357 ῦαήρχσν
848 2274 901 2338 ἐντί
919 2271 953 2339 τά
977 2280 1132 2339 πλεῖστον.
1174 2275 1230 2336 καί
1248 2264 1287 2353 ήν
1306 2272 1408 2337 ἐαί20

258 2372 388 2451 μετρίας
411 2373 484 2453 ἐμοί
507 2370 543 2437 τῦ
568 2376 687 2441 ἐκείνου
700 2377 948 2454 συστελλόμενον
969 2378 1093 2456 θαῦμα.
1115 2375 1172 2437 νῦν
1194 2376 1226 2436 d'
1246 2365 1359 2453 ἐπειδή

259 2494 294 2555 γε
316 2474 348 2546 ἐς
373 2472 507 2565 Κρέιιρον
528 2476 702 2561 ἀφιγμένος
724 2477 797 2557 παρ’
819 2474 925 2563 tereto
946 2478 1113 2556 κατέλυον,
1139 2472 1192 2537 διά
1215 2472 1303 2554 μάλα
1326 2494 1358 2535 τι

261 2570 388 2657 σφόδρα
408 2578 535 2660 μακροῖς
571 2576 628 2660 τής
651 2577 792 2661 οηουδής
821 2571 877 2659 τήν
898 2574 979 2663 ἐμήν
998 2573 1051 2641 διά
1075 2576 1110 2641 σὲ
1131 2578 1284 2665 τιθεμένῳ
1306 2576 1359 2649 ξε-

582 2682 588 2693 1
871 2670 889 2697 l

263 2882 482 2953 syllogismorum
503 2884 778 2955 argumentationibus
797 2888 873 2955 quasi
899 2886 963 2939 telis
988 2887 1132 2938 fortissime
1154 2886 1290 2954 impetitos
1313 2899 1361 2936 su.
1409 2918 1412 2921 -

263 2956 373 3028 perabat
393 2960 550 3025 praesertim
571 2974 650 3026 quum
673 2966 808 3011 certamen
827 2960 859 3011 de
880 2957 953 3011 cultu
971 2959 1116 3025 patriorum
1144 2958 1293 3025 dogmatum
1315 2957 1361 3007 in.

262 3030 380 3087 stitutum
400 3037 471 3093 erat3
490 3038 544 3081 tum
556 3031 625 3081 enim
635 3029 750 3081 fluminis
766 3032 849 3082 instar
858 3032 1007 3097 scripturae
1020 3045 1112 3083 sacrae
1122 3028 1360 3081 demonstrationi.

261 3098 311 3153 bus
330 3100 358 3151 in
379 3114 425 3151 eos
446 3102 550 3153 irruens
571 3101 669 3164 effecit,
689 3110 718 3152 ut
735 3103 801 3153 muti
820 3117 928 3170 prorsus
943 3102 1031 3168 pisces
1052 3117 1112 3152 esse
1130 3102 1294 3153 viderentur.
1313 3115 1361 3149 re-

262 3186 322 3245 gem
343 3184 409 3221 vero
435 3169 510 3223 hisce
534 3171 759 3239 disputationibus
781 3174 916 3254 interdum
940 3174 967 3223 in
991 3174 1056 3225 iram
1080 3172 1245 3239 compulsum
1270 3183 1362 3223 rursus
1456 3164 1473 3183 ‘

262 3240 406 3293 uerborum
425 3250 566 3293 venustate
586 3249 613 3293 et
630 3241 793 3292 irrefutabilr
812 3246 933 3295 veritatis
952 3244 1023 3295 llcxu
1040 3251 1122 3311 atque
1134 3242 1362 3295 circumversione

266 3310 445 3365 demulcebat.
488 3311 535 3373 tali
560 3312 642 3379 igitur
665 3314 772 3365 ratione
796 3316 868 3381 regis
892 3316 1030 3366 iracundia
1051 3316 1158 3381 placide
1181 3328 1306 3381 repressa
1329 3311 1364 3363 ad

263 3380 485 3451 tranquillitatem
510 3390 536 3435 et
555 3384 724 3435 securitatem
744 3386 858 3437 animum
879 3388 936 3439 eius
955 3387 1079 3438 traduxit.
1116 3384 1363 3454 nequeeratquis-

264 3469 350 3521 quam,
370 3460 400 3504 ut
421 3456 586 3521 pauciorem
606 3455 754 3522 expediam,
774 3457 832 3507 sive
852 3457 970 3510 Graecae
989 3457 1126 3509 doctrinae
1144 3457 1213 3510 baud
1225 3456 1362 3523 imperitus

264 3526 323 3577 sive
341 3523 530 3593 philosophiae
550 3525 660 3577 Latinae
674 3528 782 3577 omuino
801 3542 855 3579 non
875 3544 970 3595 expers
991 3537 1058 3593 erat,
1079 3531 1142 3596 quin
1161 3529 1187 3580 ei
1205 3536 1234 3579 ut
1254 3530 1362 3595 inquo-

264 3595 332 3647 libet
351 3596 429 3648 docto
450 3598 596 3649 certamine
615 3596 698 3648 multo
718 3599 878 3650 adversariis
897 3600 1038 3666 superiore
1058 3600 1170 3667 palnram
1189 3600 1273 3665 daret.
1309 3598 1362 3651 bu,

264 3667 305 3717 ius
324 3667 376 3719 riri
397 3666 489 3721 lamam
511 3668 632 3737 equidem
655 3669 743 3733 ctiam,
763 3678 902 3738 antequam
922 3672 984 3723 binc
1002 3674 1170 3739 navigarem,
1189 3685 1362 3737 acceperam,

268 3752 348 3806 quum
366 3740 525 3791 nouaclum
546 3740 649 3791 litteras
669 3755 750 3807 saepe
770 3740 929 3806 lectitarem‚
951 3743 1046 3811 quibus
1064 3745 1117 3794 tuis
1135 3742 1234 3795 litteris
1254 3750 1281 3793 et
1298 3740 1363 3792 olii-

266 3809 309 3861 cio
330 3811 464 3861 amicitiae
483 3810 672 3878 respondebat,
691 3810 738 3863 sed
759 3809 838 3863 etiam
857 3830 936 3879 quum
956 3814 1049 3868 laudes
1068 3816 1125 3867 cius
1144 3829 1257 3865 summas
1275 3825 1363 3867 exors

266 3894 356 3931 eorum
376 3882 503 3947 audirem,
516 3885 572 3951 ‘qui
592 3882 653 3935 inde
666 3882 716 3933 huc
727 3882 884 3951 plerumque
901 3894 1043 3937 venerunt.
1080 3886 1127 3937 sed
1145 3885 1283 3935 admiratio
1305 3884 1364 3935 eius

264 3950 376 4002 modicis
394 3951 459 4003 mibi
479 3955 678 4020 circumscripta
698 3963 754 4005 erat
773 3954 878 4007 finibus.
923 3957 967 4008 ubi
992 3972 1059 4010 vero
1085 3957 1201 4025 cyprum
1226 3954 1365 4022 proiectus

154 4080 158 4090 ι
265 4022 334 4090 apud
354 4024 413 4075 eum
432 4024 600 4089 deversarer‚
621 4026 664 4077 cui
682 4033 727 4077 tua
745 4041 826 4077 causa
845 4024 954 4094 hospitii
972 4044 1072 4081 summa
1094 4035 1152 4079 erat
1167 4043 1230 4079 cura
1248 4042 1281 4079 ac
1298 4024 1364 4079 dili·

265 4095 367 4169 gentis,
387 4104 441 4151 tum
461 4096 547 4151 virum
566 4100 715 4153 accuratius
735 4099 853 4167 cognovi
879 4106 906 4149 et
926 4109 1051 4168 expertus
1072 4116 1145 4164 σατις
1173 4099 1268 4154 lamam
1293 4098 1364 4153 esim
