3017 4759
263 261 486 335 nrsroama
508 260 768 329 arzanumu
784 263 878 326 xxx,
899 240 1086 328 alr-98.
1153 253 1227 327 333
1249 205 1252 210 ¹

126 424 145 509 ἦ
167 427 227 506 μὲν
245 421 306 506 γόρ
328 419 395 496 υἱός
416 421 472 483 καί
497 417 588 500 λόγος
610 416 701 502 φωνή
723 412 917 498 μονότροπον
939 411 1007 497 ἔχει
1036 411 1093 498 τὴν
1121 439 1229 498 appea-
1239 421 1256 474 i.
1273 421 1321 475 151
1333 433 1361 474 τ.
1385 481 1388 486 ,

128 526 202 589 σίαν
224 514 499 608 καίόἰναφορικῆν
519 516 598 601 πρὸς
620 517 682 582 τόν
698 519 842 599 πατέρα,
864 514 883 598 ἡ
908 517 944 580 δὲ
965 517 1021 598 τῆς
1041 517 1157 600 σοφίας
1178 517 1229 578 δι-
1283 519 1294 529 “

105 625 219 707 'plin
264 625 387 705 λέγεται
411 621 469 701 μὲν
491 614 552 700 γόρ
575 619 631 681 καί
650 619 723 681 καθ’
740 617 819 682 αότό
849 614 950 702 σοφία
972 616 1227 696 καθολικωτέραν

130 719 206 805 ἔχον
221 717 277 806 τὴν
299 719 434 802 ἔννοιαν,
460 713 512 781 ὅτε
534 715 652 782 ταδτόν
676 715 724 801 εἴη
756 720 870 803 σοφοῖς
893 719 931 803 τῇ
955 713 1049 805 ου’σίρτ
1070 715 1125 778 καί
1147 714 1228 779 τοῦτ’

103 821 181 906 5εἰη
205 819 239 886 τό
264 815 345 885 εἶναι
368 820 468 908 ταύτῃ
499 815 518 879 δ
551 816 585 882 τό
609 821 726 904 σοφίαν
749 811 831 884 εἰναι
859 814 1021 888 κατότόν
1047 818 1102 880 τοῦ
1124 812 1228 889 εἴδους

75 956 77 961 ·
131 921 235 988 εἰτουν
257 919 311 985 τόν
332 919 387 1002 τῆς
409 919 535 1005 φόσεοις
563 919 814 1001 καθολικώτερον
837 918 946 1001 λόγον,
975 909 1028 990 ότε
1048 917 1147 1002 σοφία
1169 941 1249 978 και·Δ

130 1030 231 1087 λεῐται
252 1020 269 1083 ό
292 1017 396 1102 πατὴρ
418 1019 473 1084 καί
493 1019 508 1083 ό
528 1016 599 1094 οἰός
622 1017 741 1100 ὁμοίως
762 1015 868 1101 οόσαερ
892 1020 946 1083 καί
963 1018 1057 1082 aloia
1080 1012 1226 1098 ἑκάτερα.

130 1127 253 1206 λέγεται
274 1124 309 1185 δὲ
329 1123 429 1206 σοφία
444 1125 498 1186 καί
517 1118 534 1203 ἦ
558 1117 735 1194 ότιόστασις
754 1124 788 1184 ἐκ
803 1123 862 1185 rosi
876 1121 1130 1202 καθολικοοτίρου
1144 1125 1292 1199 λαμ-Μ

129 1220 273 1314 βόνοασα
295 1214 457 1303 τοῦνομα,
487 1215 592 1304 ιόσττερ
617 1216 673 1284 καί
692 1212 864 1304 όνθρωτιόν
900 1245 1006 1308 φαμεν
1028 1222 1153 1295 εἰδικῶς
1175 1220 1230 1285 καί

34 1333 41 1341 ’
86 1340 121 1394 10
131 1325 270 1389 καθόλου
293 1322 348 1406 τὴν
370 1326 481 1390 οτίσίαν
496 1321 551 1386 καί
571 1322 681 1408 φόσιν,
706 1321 811 1387 εἰτοον
832 1325 908 1386 καθ’
932 1319 1012 1386 αότό
1035 1321 1091 1386 καί
1111 1323 1228 1406 κυρίως

129 1429 185 1491 καί
207 1425 334 1511 ον’δαμῇ
355 1422 432 1506 πρὸς
453 1418 576 1507 ἕτερον,
599 1420 667 1487 ἔστι
687 1425 716 1486 δ’
737 1416 788 1487 ότε
809 1421 864 1486 καί
895 1423 988 1504 τήνδε
1007 1420 1065 1504 τόν
1088 1421 1228 1486 όαόστα-

128 1552 199 1607 σιν,
233 1523 288 1589 τόν
308 1526 438 1608 Πέτρον
468 1525 612 1608 δηλαδή,
645 1522 680 1585 τὸ
703 1520 821 1587 εἰδικόν
839 1545 871 1586 τε
894 1521 949 1584 καί
976 1519 1227 1602 καθολικώτερον

128 1619 230 1707 ὄνομα
254 1627 299 1700 εἰς
319 1622 353 1688 τό
374 1622 577 1708 τιροστοατκόν
607 1625 661 1686 καί
680 1620 804 1700 ἰδιάζον
823 1624 1069 1706 μεταφέροντες.
1106 1621 1146 1682 ου’
1166 1618 1227 1703 γόρ

129 1730 216 1793 ἔστιν
235 1725 402 1790 ἰδιώτατον
418 1722 713 1807 ,τιερικλειόμενονῆ
741 1725 840 1809 σοφία
869 1728 943 1798 τινί,
967 1722 1040 1787 ον’δ’
1069 1721 1229 1805 οἰναφορι-

87 1825 186 1908 ρςκόν
215 1825 261 1900 αἱς
284 1823 300 1890 ὃ
322 1821 394 1899 οἰός
422 1822 498 1907 πρός
535 1822 590 1888 τόν
609 1827 731 1906 πατέρα
765 1822 857 1887 καίό
888 1825 978 1906 λόγος
1008 1819 1088 1906 πρός
1109 1821 1163 1887 τόν
1187 1812 1227 1884 οὗ

130 1923 218 2010 λόγος
238 1927 309 1991 ἰστί
324 1928 414 2001 νοός·
456 1925 495 1990 τό
515 1927 575 2005 μὲν
595 1922 656 2009 γόρ
679 1925 820 2009 οόσιοόδρ
844 1927 898 1988 καί
921 1921 1040 2010 φοσικό
1066 1945 1227 2005 περιεκτι-

129 2025 253 2112 κοότερό
285 2027 347 2092 εἰσι
384 2031 438 2091 κατ’
466 2017 584 2114 όφετον
606 2023 746 2109 ἔχειτῆν
768 2023 909 2108 ἔννοιαν,
932 2025 971 2090 τό
995 2027 1022 2088 δ’
1044 2023 1224 2107 τίναφορικό

129 2129 210 2213 τιρός
230 2121 350 2214 uitiata
373 2153 406 2194 τε
428 2131 506 2210 ἐστί,
529 2133 584 2192 καί
602 2129 639 2215 τῇ
662 2127 779 2208 μεταξό
796 2125 991 2209 συνδεόμενα
1014 2129 1123 2207 σχέσει
1145 2118 1229 2207 όφε-
1280 2189 1284 2204 ι

129 2254 184 2295 τον
207 2226 293 2312 ἔχειν
319 2232 446 2317 οόδαμῇ
475 2237 689 2311 συγχωρεῖται
726 2225 784 2308 τήν
813 2233 987 2311 appennine,
1036 2222 1142 2304 οόοττερ
1171 2217 1228 2289 σόν

85 2329 265 2420 pontiniaci
290 2330 407 2415 πατήρ,
447 2329 542 2394 οόσία
567 2327 581 2392 ό
603 2324 697 2410 οἰός,
732 2331 826 2392 ου’σία
859 2327 893 2391 τό
923 2329 1047 2408 πνεῦμα
1070 2323 1104 2390 τό
1126 2319 1227 2408 όῖγιον,

132 2427 234 2508 οὕτως
269 2425 332 2517 όρα
366 2434 420 2496 καί
440 2432 539 2516 σοφία
572 2429 588 2495 ὁ
616 2427 741 2515 πατήρ,
768 2428 866 2514 σοφία
896 2425 912 2491 ό
943 2424 1028 2511 οἷός,
1062 2428 1161 2513 σοφία
1191 2423 1225 2490 τό

131 2535 257 2613 τινεόμα
278 2531 314 2597 τό
336 2527 444 2616 ἅγιον·
501 2533 556 2596 καί
589 2527 667 2613 όμοό
687 2536 747 2614 μία
769 2535 869 2617 σοφία
890 2526 933 2608 εἰς
964 2532 1024 2612 μία
1047 2528 1153 2610 ου’σία,
1176 2531 1228 2592 καί

132 2631 170 2697 οἰ
192 2638 275 2719 τρεῖς
294 2638 408 2720 σοφίαι
426 2631 532 2719 ὥσπερ
570 2629 645 2698 αἰδὲ
673 2642 755 2718 τρεῖς
775 2632 893 2699 οἰσίαι.
948 2624 1020 2698 όταν
1043 2624 1100 2728 οὖν
1124 2625 1140 2695 ὃ
1161 2625 1294 2707 aulana

131 2981 237 3034 semper
255 2965 323 3024 ratio
342 2971 388 3015 ant
406 2962 477 3014 lilius
501 2964 544 3016 eui
571 2963 710 3030 sapientia.
759 2976 813 3015 vox
833 2962 902 3013 enim
922 2961 971 3012 filii
992 2968 1018 3012 et
1031 2958 1142 3012 rationis
1161 2959 1227 3011 sim.

131 3037 229 3105 plicam
249 3034 330 3086 babet
347 3035 569 3102 significationem
596 3043 623 3086 et
644 3036 677 3087 ad
697 3041 798 3101 patrem
812 3030 943 3084 relatam:
971 3032 1119 3099 sapientiae
1138 3038 1226 3082 autem

131 3123 185 3161 vox
204 3105 346 3172 duplicem.
384 3106 481 3157 dieitur
505 3107 575 3158 enim
595 3121 643 3173 per
661 3121 691 3157 se
712 3105 843 3171 sapientia
869 3102 938 3170 qnod
962 3101 1156 3170 generaliorem
1176 3101 1226 3152 ba.

131 3179 177 3232 bet
194 3179 341 3241 notionem,
362 3177 406 3228 ubi
426 3185 519 3244 aperte
535 3178 604 3228 idem
625 3185 665 3227 est
684 3192 743 3227 eum
755 3175 887 3226 essentia:
909 3181 988 3241 atque
1007 3172 1059 3225 hnc
1076 3173 1146 3224 idem
1167 3172 1225 3224 iere

131 3259 172 3302 est
191 3249 261 3318 quod
279 3249 386 3315 sapiens
405 3249 522 3300 essentia
534 3248 677 3300 seeundum
697 3247 798 3299 formae
817 3247 876 3298 siva
893 3252 1003 3296 naturae
1021 3246 1151 3297 rationem
1174 3259 1224 3313 ge.

130 3321 308 3385 neraliorem,
334 3319 379 3371 ubi
408 3321 539 3386 sapientia
566 3327 679 3370 vocatur
703 3326 779 3384 pater
809 3325 836 3368 et
854 3316 924 3368 lilius
954 3317 1046 3368 eodem
1074 3316 1152 3368 modo
1172 3331 1224 3384 quo

132 3395 211 3444 etiam
232 3393 348 3444 essentia
366 3399 486 3460 utraque.
525 3391 620 3441 dicitur
645 3397 732 3440 autem
751 3389 881 3456 sapientia
897 3389 974 3439 etiam
995 3387 1150 3450 substantia,
1171 3402 1224 3438 nn.

131 3480 192 3514 men
208 3465 334 3530 accipens
355 3478 370 3512 a
388 3479 505 3532 generez
529 3471 558 3513 ut
576 3461 720 3513 secuudum
746 3461 856 3512 formam
876 3468 903 3511 et
920 3475 1006 3529 genus
1034 3460 1176 3510 essentiam
1198 3466 1225 3522 et

131 3542 250 3586 naturam
270 3535 347 3584 etiam
368 3533 501 3585 bominem
521 3532 697 3600 appellamus,
722 3533 781 3583 sive
803 3547 851 3599 per
870 3547 900 3583 se
922 3539 948 3583 et
966 3531 1084 3596 proprie,
1104 3537 1131 3581 et
1148 3528 1224 3580 nullo

131 3605 210 3655 modo
229 3605 378 3656 referentes
398 3608 430 3657 ad
451 3605 540 3668 aliud,
567 3605 697 3666 interdum
725 3605 804 3654 etiam
830 3611 926 3655 certam
947 3601 1015 3652 haue
1043 3599 1224 3663 substantiam,
1322 3662 1325 3668 Ι

131 3675 236 3727 Petrum
254 3677 394 3741 nimirum,
426 3678 464 3727 ita
491 3685 520 3726 ut
539 3676 640 3726 formae
670 3683 697 3726 et
718 3676 827 3743 generis
851 3689 949 3725 nomeu
968 3674 995 3723 in
1014 3677 1114 3722 eertum
1134 3677 1161 3722 et
1177 3685 1224 3722 se.
1290 3670 1292 3676 ’

133 3754 233 3797 eretum
252 3747 451 3798 transieramus.
494 3762 589 3814 neque·
614 3743 683 3798 eui‘m
703 3747 836 3812 sapientia
855 3761 913 3795 cum
932 3743 967 3793 sit
992 3741 1093 3808 aliquid
1112 3741 1225 3792 maxime

131 3825 274 3881 secretum,
293 3818 495 3869 circumclusum
516 3818 570 3869 ulla
589 3834 637 3882 re,
656 3833 744 3884 neque
768 3817 863 3869 referri
884 3814 963 3866 debet
987 3821 1016 3864 ut
1035 3811 1104 3864 lilius
1123 3813 1154 3864 ad
1173 3828 1224 3880 pa.

132 3897 209 3953 trem,
230 3895 256 3938 et
274 3889 342 3940 ratio
360 3889 392 3938 ad
413 3889 449 3950 id,
469 3889 543 3939 cuius
562 3891 630 3940 ratio
648 3897 688 3940 est
706 3903 790 3940 meus.
835 3883 990 3938 essentialia
1011 3883 1125 3936 enimet
1145 3893 1225 3936 natu.

132 3959 199 4011 ralia
217 3958 297 4011 latius
317 3965 407 4026 patent
425 3958 590 4026 liberamque
608 3960 707 4011 babent
726 3962 880 4012 notionem:
907 3972 975 4024 quae
994 3964 1081 4007 autem
1099 3955 1226 4007 referun-

132 4039 176 4082 tur
197 4032 268 4083 iuter
287 4046 317 4082 ιο
337 4038 363 4081 et
384 4029 475 4081 habitu
495 4037 585 4081 mutuo
606 4032 746 4082 coniuncta
765 4037 826 4082 sunt
844 4039 932 4096 neque
952 4026 1009 4079 ullo
1028 4027 1105 4078 modo
1125 4039 1226 4077 eonce-

132 4103 202 4154 ditur
230 4104 263 4154 iis
291 4110 321 4152 ut
345 4100 499 4152 liberiorem
526 4100 640 4152 habeant
667 4102 906 4169 significationem:
931 4107 960 4149 ut
984 4100 1067 4168 igitur
1091 4104 1167 4164 pater
1187 4105 1227 4148 est

134 4175 259 4243 essentia,
278 4173 349 4228 filias
368 4173 503 4238 essentia,
532 4172 639 4242 spiritus
657 4181 763 4228 sanctus
784 4172 915 4238 essentia,
935 4171 971 4223 ita
989 4178 1065 4240 pater
1083 4169 1161 4224 etiarn
1180 4183 1226 4236 se.
