3017 4759
247 272 468 338 ursrormn
483 243 743 373 erchunnen
761 276 854 339 xxx.
872 256 1062 339 δθ-δλ.
1150 266 1224 339 eet

131 438 197 518 χῶς
219 433 298 517 πρὸς
317 438 380 498 τῶν
411 437 543 503 πολλῶν,
566 437 621 498 καί
649 435 745 511 αὐτὸς
768 436 896 523 Ῐιίκοδῃς
919 438 1017 499 εἰιεῑνο
1047 432 1085 520 δὴ
1111 433 1146 501 τό
1169 437 1225 500 eorl
1287 428 1292 437 ’

129 536 302 610 Πλάτωνος
322 537 470 618 σκῶμμα,
493 534 536 609 oie
560 536 688 619 ιίμαθὴς
712 532 760 617 εἷ,
786 530 812 599 ιδ
833 531 962 618 ἑταῖρε,
986 537 1040 599 κατ’
1065 536 1126 618 οὐχ
1148 537 1225 623 ἕπῃ·

128 630 149 721 ἦ
171 637 232 719 γὰρ
254 632 292 699 ἂν
314 636 384 699 οὐδ’
405 636 503 700 αὐτοῦ
519 660 553 719 γε
575 634 613 720 δὴ
632 642 804 702 Βασιλείαν
824 640 880 702 τοῦ
898 638 990 701 θείου
1014 638 1226 715 παντάπασιν,

128 737 172 813 ὥς
191 736 307 817 ἔοικεν,
338 736 468 821 ἀνήκοος
491 740 601 816 μείνας
629 741 666 825 τῇ
686 738 844 833 ἐπιστήμῃ
865 736 944 817 μετα
983 742 1039 821 τῆς
1061 727 1227 818 εδσεβείας

103 835 214 903 dedero
237 842 455 920 πρυσίκοπτες,
481 837 645 922 ὁμιλητίυν
664 833 745 904 εἶναι
767 844 908 921 λέγοντος
931 848 1076 923 ποιηταῖς
1099 836 1153 903 καί
1172 844 1225 902 λυ.

128 950 267 1023 γαποιοῖς
300 942 356 1004 κατ’
382 936 512 1024 ῥήτορσι
547 938 601 1003 κατ’
621 943 717 1003 πᾶσιν
745 938 930 1019 ἀνθρώποις
960 933 1035 1003 ὅθεν
1056 931 1094 1001 θν
1116 942 1225 1019 μέλλοι
1302 1015 1306 1023 ¹

129 1039 205 1122 πρὸς
226 1041 280 1123 τήν
301 1040 357 1123 τῆς
377 1042 486 1122 ψυχῆς
509 1042 691 1121 ἐπιμέλειαν
712 1038 853 1125 ω’φὲλειιί
866 1065 912 1127 τις
933 1038 1076 1105 ἔσεσθαι.
1121 1032 1225 1118 ὥσπερ

129 1142 188 1224 γὰρ
214 1138 242 1205 οῖ
265 1144 448 1205 δευσοποισί
474 1139 816 1223 προπαρακευάσαντες
849 1141 1037 1224 θεραπείαις
1071 1141 1154 1205 τισίν
1177 1132 1226 1203 ὅτι
1237 1142 1256 1199 l.
1274 1138 1323 1197 137
1335 1156 1359 1197 r·

130 1243 196 1306 ποτ’
216 1234 254 1304 dv
275 1234 297 1330 ᾖ
319 1238 354 1304 τό
382 1237 549 1320 δεξόμενον
569 1245 627 1325 τήν
647 1240 775 1326 βαφήν,
794 1234 878 1306 οὕτω
909 1243 942 1307 τό
968 1235 1065 1317 ἄνθος
1088 1238 1227 1322 ἐπάγου-

88 1357 190 1424 locro,
210 1337 249 1406 ἄν
270 1366 302 1406 τε
334 1342 492 1424 ἁλουργὸν
522 1335 562 1405 ἄν
583 1342 619 1406 τί
641 1367 673 1405 τι
705 1345 810 1425 ἓτερον
837 1338 879 1431 ᾗ,
899 1342 954 1407 τόν
975 1340 1072 1407 adsto
1106 1338 1144 1427 δὴ
1175 1336 1229 1403 κατ’

32 1464 38 1470 ·
129 1442 222 1526 ἡμεῖς
242 1438 367 1524 τρίπον,
389 1443 418 1505 εί
436 1446 547 1520 μέλλοι
569 1442 762 1517 α’νὲκπλυτος
786 1444 860 1526 ἡμῖν
884 1444 902 1526 ἡ
924 1445 981 1507 τοῦ
1003 1446 1103 1505 καλοῦ
1122 1466 1229 1522 παρα-

129 1550 236 1625 μένειν
259 1545 344 1626 δόξα,
369 1552 435 1615 τοῖς
465 1540 525 1621 ἔξω
548 1540 585 1626 δι)
616 1544 736 1615 τούτοις
766 1548 1028 1625 πρατελεσθέντες
1057 1544 1228 1625 τηνικαῦτα

132 1648 195 1709 τοῖν
217 1642 311 1725 ἱερῶν
345 1644 398 1707 κατ’
421 1641 612 1725 ἀπορρήτων
643 1643 888 1723 ἑπακουσόμεθα
919 1642 1152 1723 παιδευμάτων,
1175 1644 1231 1704 καί

130 1739 197 1811 οἷον
218 1748 251 1808 ἐν
272 1741 367 1808 ὕδατι
389 1742 443 1807 τὸν
465 1738 556 1826 ἥλιον
579 1744 652 1827 ὁρᾶν
670 1747 876 1828 ἐθισθέντες,
902 1742 1000 1818 οὕτως
1023 1745 1107 1831 αὐτῷ
1129 1766 1230 1825 προσ-

87 1848 291 1928 15βαλοῦμεν
320 1851 365 1933 τῷ
397 1845 482 1931 φωτί
503 1842 558 1921 τὰς
580 1837 683 1926 ὄψεις.
726 1848 850 1929 λέγεται
873 1849 928 1927 δέ,
949 1850 1049 1931 φησί,
1071 1846 1126 1909 καί
1146 1849 1229 1909 Μω-

130 1953 189 2032 σῆν
227 1951 346 2013 ἐκεῖνον
367 1944 422 2010 τὸν
442 1944 544 2031 πάνυ,
578 1938 616 2011 οὗ
643 1950 793 2031 μέγιστόν
822 1951 908 2013 ἐστιν
938 1949 992 2013 ε’πί
1009 1948 1109 2037 σοφίρι
1140 1945 1227 2028 παρὰ

132 2054 231 2115 πᾶσιν
251 2042 564 2131 ιίνθριδποιςόνομα,
582 2053 849 2132 τοῖςΑἰγοπτίων
862 2048 1053 2131 μαθήμασιν
1068 2053 1228 2131 ἐγγυμνα-

130 2147 267 2228 σάμενον
290 2151 347 2233 τὴν
372 2148 515 2214 διάνοιαν
539 2144 619 2215 οὕτω
640 2156 827 2236 προσελθεῖν
848 2153 887 2237 τῇ
903 2153 1025 2237 θεωρίᾳ
1045 2150 1101 2212 τοῦ
1125 2141 1226 2221 ὄντος·

132 2254 363 2335 παραπλησίως
398 2255 434 2314 δὲ
466 2252 567 2340 τούτῳ
601 2253 660 2316 κυίν
692 2262 761 2326 τοῖς
792 2254 875 2314 κάτω
894 2247 1024 2333 χρόνοις
1053 2248 1105 2314 τὸν
1127 2246 1229 2334 σοφὸν

85 2350 254 2439 θδΔανιὴλ
273 2350 327 2417 ἐπί
349 2355 544 2434 Βαβυλῶνάς
558 2351 644 2436 Ιφασι
667 2350 724 2435 τὴν
748 2354 922 2417 Χαλδαίων
944 2353 1063 2436 σοφίαν
1085 2374 1229 2430 καταμα-

130 2451 229 2515 θόντα
252 2452 325 2514 τότε
347 2455 411 2515 τῶν
430 2455 527 2517 θείων
548 2450 698 2534 ἅψασθαι
721 2448 960 2531 παιδευμάτων.
1012 2448 1082 2515 ἐπεί
1109 2452 1186 2531 γοῦν
1208 2442 1228 2512 ἃ
1241 2449 1297 2502 22

130 2554 386 2637 πεντεκαιδεκέτη
408 2577 445 2617 σε
475 2559 594 2635 μαθεῖν
616 2557 715 2639 ἐχρῆν
747 2556 806 2617 ουκ
829 2552 967 2634 ἔμαθες,
988 2552 1062 2617 οὐδέ
1085 2574 1119 2633 γε
1143 2549 1230 2635 φροί-

76 2722 80 2730 ,
130 2674 226 2736 τυρας
255 2648 383 2738 ἑπτέτης
406 2652 529 2740 ἔφυσας
551 2654 630 2719 κατά
647 2678 681 2737 γε
704 2654 759 2719 τόν
780 2658 813 2733 ἐξ
833 2656 974 2739 Ἀττικῆς
998 2652 1097 2739 σοφὸν
1119 2653 1229 2729 είπτῑν;

57 2982 65 2991 ’
135 2984 169 3019 ex
187 2965 279 3018 multis
299 2973 327 3016 et
344 2965 403 3031 ipse
423 2963 603 3042 andias‘illud
622 2965 740 3019 Platonis
766 2966 924 3029 ludibrium,
952 2957 1028 3033 qua'm
1048 2965 1170 3015 indoctus
1191 2980 1229 3028 es,

135 3039 231 3101 amice,
253 3052 342 3105 neque
361 3034 538 3103 intelligendo
556 3052 605 3089 nos
626 3040 787 3106 assequeris.
831 3037 952 3104 prolecto
972 3037 1056 3099 enim,
1075 3050 1231 3103 quamquem

134 3124 170 3161 ne
190 3108 274 3174 ipsius
295 3108 399 3175 quidem
419 3105 512 3159 Basilii
539 3109 623 3160 divini
642 3110 743 3161 uideris
763 3110 870 3159 omnino
898 3106 1053 3177 neglexisse
1081 3107 1230 3157 institutio.

120 3182 218 3242 nem,
239 3180 275 3230 ita
300 3179 452 3251 offendebas
478 3180 639 3231 inscientia
666 3188 692 3230 et
717 3181 837 3246 pietate,
866 3181 910 3248 qui
936 3180 1041 3247 quidem
1065 3176 1232 3229 familiariter

134 3250 260 3302 utendum
280 3266 340 3303 esse
359 3251 424 3302 dicit
449 3252 535 3317 poetis
553 3259 580 3302 et
609 3252 744 3303 historicis
770 3259 797 3302 et
815 3250 965 3303 rhetoribus
992 3259 1018 3302 et
1039 3249 1159 3301 omnibus
1180 3248 1231 3299 ho.

133 3322 259 3384 minibus,
282 3322 426 3389 exquibus
446 3324 478 3373 ad
496 3323 576 3372 enimi
592 3338 681 3372 curam
700 3320 801 3374 fructus
820 3323 917 3390 aliquis
931 3322 1123 3375 redundeturus
1140 3318 1183 3373 sit.
1204 3328 1238 3393 ut!

136 3396 205 3445 enim
226 3392 372 3445 infectores
393 3410 451 3444 curn
472 3402 664 3459 praepararunt
681 3394 792 3445 multum
816 3395 952 3446 tractando
971 3396 1015 3457 id,
1037 3394 1107 3463 quod
1125 3406 1232 3443 succum

134 3464 263 3529 recipiat,
281 3472 335 3515 tum
355 3466 457 3515 demum
482 3463 598 3515 colorem
618 3465 767 3530 obducunt,
796 3467 855 3518 sive
881 3482 1042 3534 purpureum
1063 3466 1121 3517 sive
1140 3463 1245 3525 olium„

137 3535 229 3584 eodem
248 3535 329 3601 igitur
349 3537 427 3587 modo
445 3552 494 3587 nos
519 3551 636 3605 qnoque,
661 3540 684 3589 si
703 3537 875 3589 indelebilem
897 3538 974 3589 nobis
995 3536 1107 3605 gloriam
1127 3532 1231 3601 pulchri

135 3618 245 3655 orauere
264 3604 404 3671 volumus,
425 3616 563 3675 postquam
583 3608 654 3673 illis,
676 3625 744 3677 quae
765 3617 839 3661 extre
857 3617 933 3673 sunt,
961 3606 1110 3674 praeparati
1132 3618 1231 3667 sumus,

135 3684 190 3726 tum
208 3674 310 3725 demum
330 3693 430 3727 sacram
458 3686 484 3729 et
509 3688 639 3731 secretam
667 3682 803 3732 audiemus
829 3680 988 3742 doctrinam,
1017 3685 1043 3729 et
1062 3684 1090 3727 ut
1108 3683 1185 3727 antea
1204 3674 1230 3723 in

43 3784 55 3803 s
135 3759 205 3813 aqua
235 3744 318 3795 solem
343 3749 436 3798 videre
465 3749 537 3801 soliti
564 3767 668 3816 sumus,
694 3754 731 3803 ita
755 3754 783 3803 in
809 3752 898 3802 lumen
930 3751 1014 3816 ipsum
1043 3754 1230 3799 convertemus

136 3814 240 3869 oculos.
281 3816 389 3884 [dicitur
405 3827 501 3883 autem,
518 3822 613 3889 inquit,
632 3823 720 3875 dieses
740 3838 847 3891 quoque
866 3821 915 3873 illo
935 3819 1134 3883 celeberrimus,
1154 3818 1229 3870 cuius

133 3888 275 3940 maximum
298 3895 338 3938 est
364 3896 474 3954 propter
497 3894 652 3957 sapieutiam
673 3895 741 3960 apud
761 3894 882 3945 homines
911 3906 1002 3943 omnes
1028 3906 1141 3955 nomen,
1171 3902 1229 3941 cum

136 3962 164 4010 in
185 3958 272 4009 literis
290 3958 484 4025 Aegyptiorum
506 3972 620 4016 mentem
639 3981 711 4016 suam
731 3966 915 4027 exercuisset,
937 3971 990 4014 tom
1013 3961 1115 4013 demum
1136 3974 1231 4012 acces·

135 4031 206 4082 sisse
228 4029 261 4079 ad
278 4030 401 4081 ueritatis
422 4032 575 4083 seientinmr
598 4035 678 4086 simili
697 4038 801 4104 ratione
821 4036 899 4087 etiem
918 4042 1011 4103 postea
1029 4032 1167 4085 Danielem
1186 4044 1231 4081 sa.

139 4103 258 4169 pientem
274 4101 366 4152 dicunt
384 4100 523 4169 Babylone
542 4103 733 4158 Chaldaeorrim
754 4107 911 4174 sapientiam
937 4105 1057 4169 edoctum
1081 4116 1168 4153 rerum
1189 4100 1233 4154 di-

129 4173 263 4227 ¹uiuorum
282 4174 430 4229 doctrinam
448 4178 601 4261 tractasse]
638 4180 764 4248 quonium
784 4192 853 4249 qaae
872 4171 1022 4249 quindecim
1042 4174 1125 4229 hunos
1143 4168 1232 4227 notun
