3017 4759
300 144 348 227 56
601 148 826 223 ΝΙΟΕΡΗΟΜ
853 144 1085 219 cumam

298 319 363 381 διον
383 315 535 397 οἶξιοῦντι,
551 313 607 379 καί
626 314 715 389 εἴτις
730 313 780 399 εἴη
795 316 858 380 τῶν
877 316 951 377 καθ’
965 304 1047 395 αἷμα
1063 309 1286 397 προσηκόντων
1305 300 1409 404 αδτηῖ,

299 415 395 499 ὀργῆς
418 414 508 489 θείας
526 413 680 499 διαδοχὴν
700 416 837 501 οίφιέντο
861 408 958 478 πᾶσιν
977 408 1087 489 δυ’τοῖς
1109 415 1304 499 προφανῶς,
1328 405 1346 476 ὃ
1371 412 1409 475 δέ

296 540 338 599 με
359 520 423 581 τοῖν
444 516 601 597 ἐχθίστων
623 513 769 595 ἐνόμισεν
790 516 847 580 ἐνα
866 517 908 578 δι’
928 509 950 579 δ
969 538 1011 597 με
1031 508 1152 596 μδλλον
1172 511 1216 587 τίς
1238 513 1408 596 εὐεργέτην

298 625 403 705 φιλεῖν
426 618 533 702 ἐχρῆν.
554 618 608 681 καί
622 612 673 680 ὅτε
687 619 807 699 μᾶλλον
826 610 903 700 εἶχε,Ι
918 616 980 681 τῶν
999 617 1164 700 σκήπτρων
1177 617 1406 698 ἐπειλημμένος

297 722 353 785 καί
378 715 572 802 δυνάμενος,
606 716 693 803 εἴπερ
718 715 885 799 ἐβοδλειο,
908 715 967 802 τὴν
995 714 1093 804 φύσιν
1119 712 1280 781 δεικνίναι
1303 715 1338 779 ἐν
1358 717 1428 803 cpit

298 822 451 908 καλλίστῳ
471 823 525 904 τῆς
545 804 671 904 γνῶμης
691 822 847 904 κειμένην,
878 817 896 881 δ
926 820 956 883 δ’
977 818 1160 899 α’νεκιίλυψε
1182 818 1312 898 δέσμιον
1332 807 1408 879 ὄνθ’

298 917 412 986 ἐαυτὸν
428 928 492 995 τοῖς
517 922 551 985 ἐκ
574 922 747 1005 διαμέτρου
770 929 888 1001 κακοῖς,
912 921 1029 1004 σκηνὴν
1057 918 1095 983 τέ
1118 921 1194 1002 πρίν
1213 921 1270 981 καί
1290 917 1406 998 δρᾶμα

184 1042 191 1057 ·
297 1020 457 1108 ἐφήμερον
480 1012 554 1085 ὄντα
575 1021 681 1098 δείξας
699 1014 830 1085 daun*
844 1022 935 1087 ἐκεῖν’
956 1023 991 1085 ἐν
1012 1024 1140 1103 βραχεῖ.
1165 1015 1215 1082 διό
1238 1040 1294 1099 μοι
1314 1020 1406 1080 θαυ-

225 1128 230 1131 ’
297 1119 412 1202 μα’ζειν
438 1124 581 1204 περίεστι
620 1119 693 1199 τούς
722 1119 846 1207 σοφοδς
873 1123 907 1187 ot
933 1145 1032 1222 ppocr
1053 1122 1170 1185 ἐκεῖνον
1190 1120 1266 1202 περὶ
1288 1116 1405 1203 φίλους

298 1221 426 1308 ἑδραῖον
446 1221 502 1287 καί
519 1222 655 1305 μόνιμον
669 1216 751 1288 εἶναι
774 1220 947 1304 δύνασθαι,
971 1213 1058 1311 pipp*
1083 1222 1249 1309 φιλοδοξίφ
1267 1215 1449 1304 λατρεύ-λθ

299 1351 347 1392 ειν
369 1320 493 1388 ἔνεστι·
544 1322 589 1411 τῷ
624 1321 683 1408 γάρ
716 1346 765 1389 τοι
792 1324 1013 1409 φιλοδοξοῦντι
1049 1320 1132 1409 φίλην
1159 1313 1241 1386 εἶναι
1274 1320 1404 1395 πάντας

185 1504 189 1511 ,
299 1428 397 1493 ἕποντ’
428 1416 468 1487 ἐν
497 1424 598 1488 adsue
617 1446 652 1506 ys
675 1422 870 1506 α’νθριίπου,
899 1419 947 1487 δτι
970 1422 1015 1507 μὴ
1037 1425 1093 1505 τῆς
1115 1418 1323 1508 σ’νδροοιιίνης
1344 1418 1404 1484 δό-

298 1530 373 1610 ξης,
395 1514 432 1609 ἧς
461 1525 552 1589 ἕνεκα
575 1520 678 1589 πάντα
715 1525 776 1611 δρᾷ
804 1523 859 1588 καί
885 1523 984 1588 πᾶσιν
1006 1524 1166 1606 ἐγχειρεῖ,
1201 1525 1256 1586 καί
1282 1520 1404 1606 χρόνου

299 1627 490 1710 στοχάζεται
525 1628 581 1690 καί
606 1621 719 1708 τύχαις
750 1625 862 1708 ὁμιλεῖ
886 1628 1106 1700 παντοδαποῖς
1129 1621 1184 1688 καί
1212 1623 1315 1711 ῥᾷστα
1335 1630 1404 1696 τοῖς

299 1729 362 1791 τιόν
383 1723 476 1810 cipedo
499 1731 762 1808 ουμμεθισταται
782 1723 891 1810 κύβοις
912 1728 1139 1809 χαμαιλέοντος
1160 1721 1296 1816 τρόπον,
1319 1748 1406 1787 παν-
1416 1735 1447 1789 15
1499 1715 1501 1790 l

196 1878 202 1890 ,
298 1827 438 1910 ταχόθεν
458 1830 512 1912 τῆς
535 1826 660 1910 γνώμης
683 1831 769 1917 ου’τῷ
790 1829 1091 1912 πραγματευομένης
1111 1828 1278 1908 εὐκαιρίαν
1301 1825 1403 1889 εἰπεῖν

299 1929 547 2011 κακοδαιμονίας
581 1929 637 1991 καί
663 1932 720 1993 τοῦ
747 1927 788 1994 τοὶ
811 1924 929 1995 ἑαυτοῦ
957 1925 1051 1993 πιστά
1079 1934 1144 2001 τοῖς
1165 1929 1263 1991 πᾶσιν
1284 1916 1402 1990 ἄπιστα

300 2018 471 2094 δεικνύναι.
514 2027 631 2111 γίνεται
668 2026 729 2113 γοὶρ
753 2024 858 2117 ῥᾷστα
877 2032 937 2111 μὲν
963 2025 1085 2111 ἐχθρὸς
1107 2019 1155 2102 οἷς
1177 2022 1280 2091 ἐδόκει
1300 2025 1405 2111 φίλος,

233 2128 402 2217 upplun
428 2132 456 2193 δ’
486 2133 652 2213 ἐπίβουλος
673 2125 720 2207 οἷς
743 2128 875 2215 ἐναγχος
905 2128 1009 2197 ἐδόκει
1031 2126 1222 2212 σύμβουλος.
1265 2119 1315 2212 ιοὗ
1334 2137 1405 2210 χεῖ-

299 2255 352 2314 ρον
372 2232 433 2312 μέν
462 2232 556 2295 ου’δέν
585 2233 619 2295 ἐν
650 2235 709 2321 βίην
730 2229 844 2319 ῥᾴδιον
864 2224 953 2313 οἶμαι
982 2229 1107 2316 stipatu,
1129 2224 1274 2314 καθάπερ
1301 2221 1347 2293 οδ
1369 2225 1448 2298 exto

300 2332 474 2415 διαμέτρου
496 2335 555 2396 τοῦ
576 2337 675 2399 καλοῦ
696 2356 730 2395 τε
756 2335 814 2398 καί
829 2334 966 2415 μονίμου
988 2334 1111 2413 βέλτιον
1135 2328 1237 2397 οὐδέν.
1280 2328 1405 2405 τούτοις

299 2431 330 2492 δ’
352 2424 472 2497 ἅπασιν
504 2430 709 2499 ἐπιστατοῦσι
741 2437 802 2516 μὲν
829 2434 983 2516 μυστικοί
1010 2456 1091 2507 τινες
1123 2428 1209 2517 λόγοι
1238 2429 1404 2515 προνοίας,

301 2720 376 2767 cerat
394 2711 475 2766 saluti
496 2710 640 2765 liberorum
662 2719 689 2765 et
708 2712 732 2765 si
751 2714 810 2782 quis
831 2714 962 2783 sauguine
977 2728 1036 2766 eum
1056 2715 1210 2783 attingeret,
1231 2714 1403 2786 quippequi.

301 2786 352 2838 bus
374 2783 495 2837 omuibus
518 2785 660 2837 mauilesto
682 2785 739 2836 irae
763 2786 872 2838 divinae
892 2786 1037 2839 vindictam
1057 2786 1085 2837 iu
1105 2793 1240 2853 posterum
1257 2786 1403 2840 relicturus

303 2864 386 2921 esset,
405 2871 447 2906 me
466 2855 517 2909 sibi
536 2857 746 2908 inimicissimum
766 2857 800 2908 ob
821 2872 853 2909 ea
864 2858 946 2922 ducit,
958 2856 1069 2926 obquae
1085 2872 1129 2908 me
1146 2859 1238 2925 potius
1255 2866 1284 2909 ut
1301 2859 1403 2925 optime

303 2928 335 2981 de
356 2944 387 2981 se
407 2929 530 2980 meritum
549 2943 638 2979 amare
658 2926 781 2979 debebat.
807 2936 887 2997 atque
905 2944 986 2996 quum
1003 2928 1118 2981 maxime
1136 2930 1249 2996 imperio
1269 2938 1401 2997 occupato

301 3008 421 3053 naturam
443 3001 541 3067 optima
561 3000 693 3053 sentiendi
712 3001 816 3052 ratione
834 2999 966 3065 indutam,
986 3002 1009 3060 si
1029 2999 1131 3066 vellet,
1153 2999 1281 3053 exhibere
1299 3009 1401 3067 posset,

301 3071 350 3124 ille
369 3072 444 3123 vitiis
462 3087 572 3138 prorsus
591 3071 624 3123 ab
640 3086 672 3123 ea
690 3070 894 3123 abhorrentibus
913 3086 975 3123 seso
994 3071 1149 3123 obstrictum
1168 3073 1255 3124 teneri
1273 3071 1400 3125 luculen-

301 3150 343 3193 ter
364 3142 558 3194 demonstravit
577 3151 612 3206 et,
632 3158 808 3211 quaecuuque
822 3152 901 3195 antea
920 3143 1045 3207 fecisset,
1066 3158 1098 3193 ea
1117 3144 1204 3195 omnia
1228 3141 1296 3194 nihil
1317 3143 1401 3195 luisse

300 3212 354 3263 nisi
373 3226 479 3267 scenam
501 3220 527 3263 ct
545 3211 726 3279 spectaculum
745 3214 779 3265 ad
799 3222 903 3283 tempus
922 3215 1020 3267 aditum
1045 3214 1123 3266 brevi
1139 3214 1307 3267 manifestum
1327 3215 1399 3266 lecit.

303 3297 386 3351 quare
412 3296 466 3333 non
492 3282 598 3348 possu'm
622 3298 676 3334 nou
704 3284 879 3337 admiratione
906 3286 1032 3354 prosequi
1055 3287 1207 3353 sapientes,
1235 3286 1281 3354 qui
1302 3286 1400 3349 dicant,

303 3368 363 3404 eum
382 3351 456 3403 lirma
478 3361 558 3420 atque
577 3351 666 3405 stabili
686 3369 776 3406 amore
797 3357 1043 3427 amplecti⁴amicos
1063 3371 1153 3423 posse,
1173 3358 1265 3425 inquo
1283 3372 1337 3409 nou
1355 3358 1400 3408 iu-

302 3424 337 3475 sit
358 3423 488 3489 cupiditas
507 3423 612 3491 gloriae
632 3426 809 3478 inserviendi.
830 3429 935 3497 gloriae
955 3429 1025 3479 cuim
1038 3429 1183 3495 cupiditate
1202 3429 1328 3480 incensus
1345 3441 1400 3479 nou

302 3495 403 3564 poterit
422 3492 522 3546 homini
539 3497 591 3563 ipsi
610 3497 709 3549 amicus
730 3513 800 3562 esse,
819 3500 866 3551 sed
886 3499 991 3568 gloriae
1009 3500 1079 3565 apud
1090 3498 1211 3553 homiues
1219 3499 1399 3569 colligendae,

303 3565 379 3619 cuius
403 3582 483 3619 causa
503 3567 592 3619 omnia
611 3570 675 3636 agit,
696 3572 784 3621 omnia
802 3572 924 3638 suscipit,
946 3570 1110 3638 temporibus
1129 3572 1253 3635 inservit,
1271 3570 1401 3639 adquod-

302 3635 369 3688 libet
388 3637 511 3689 fortunae
530 3653 615 3707 genus
632 3654 694 3691 sese
713 3640 848 3707 applicat,
871 3640 1000 3694 facillime
1020 3643 1164 3693 secuudum
1185 3650 1334 3709 temporum
1356 3643 1403 3692 vi-

303 3707 473 3760 cissitudines
494 3706 710 3762 Chamaeleontis
731 3712 784 3762 situ
801 3727 862 3764 seso
879 3721 1031 3777 commutat,
1051 3714 1139 3765 auimo
1157 3713 1336 3782 undecunque
1350 3727 1401 3780 op-

302 3779 494 3845 portunitatem
514 3789 653 3848 captante,
679 3797 730 3850 quo
750 3782 868 3836 furorem
887 3800 978 3849 suum,
997 3793 1027 3838 ut
1044 3786 1082 3837 ita
1102 3786 1204 3850 dicam,
1230 3785 1357 3837 exhibeat
1376 3791 1403 3834 ct

303 3847 381 3901 fidem
405 3850 524 3903 omnibus
544 3851 678 3907 infidelem
696 3862 824 3920 praestet.
868 3855 995 3907 facillime
1016 3857 1087 3908 cuim
1107 3857 1230 3911 iuimicus
1249 3857 1288 3922 lit,
1306 3855 1402 3925 quibus

304 3918 405 3971 amicus
426 3922 575 3988 videbatur,
597 3922 724 3975 facillime
743 3926 853 3977 insidias
873 3930 962 3991 struit,
981 3928 1076 3994 quibus
1094 3943 1181 3995 nuper
1196 3927 1340 3981 consulere
1358 3927 1403 3979 vi-

305 3989 427 4056 debatur,
448 4007 500 4067 quo
520 3995 597 4062 peius
619 3996 761 4064 quidquam
784 3998 812 4048 in
831 3996 887 4049 vita
903 4012 957 4051 uon
976 3998 1057 4051 facile
1074 4000 1212 4054 inueneris
1236 4000 1316 4054 sicuti
1335 4012 1402 4051 eou-

305 4070 348 4117 tra
366 4060 481 4118 honesto
501 4074 528 4119 et
550 4067 683 4121 constanti
704 4064 812 4120 homine
830 4067 899 4121 nihil
927 4078 968 4123 est
990 4072 1177 4139 praestantius.
1222 4072 1289 4125 haec
1303 4069 1404 4145 'omniu
