3017 4759
231 298 454 369 nrsnonrsn
479 299 739 368 mesentana
767 282 1034 371 anmi-7.
1128 300 1202 371 αυτ
1267 250 1270 254 ’
1337 361 1342 364 ,

101 461 176 551 θίση
200 461 410 545 τὸνβασιλέα
434 468 562 556 τελείοις
583 463 727 547 άλέθροις
755 463 830 541 corle
857 468 913 555 γῆς
939 465 1103 549 εὐσεβείας
1126 490 1202 552 προ-

99 562 224 646 μάχους
254 563 336 647 ἡμεῖς
364 568 602 651 παραπέμψαι,
628 564 776 649 δεύτερον
800 568 831 629 δ’
863 567 915 631 ἵνα
948 568 1002 631 καί
1023 566 1080 642 τοὶς
1106 561 1203 641 αὖθις

98 652 207 729 Ααιῖτοῖν
232 668 349 729 νεωστί
367 668 575 748 γεγενημένας
595 664 673 731 κατά
690 668 745 748 τῆς
763 667 926 749 εδδεβείας
940 660 1049 751 ἑτέρας
1071 671 1203 750 βίβλους

103 774 168 839 τοῖς
181 767 373 845 Βυζαντίοις
394 767 528 848 προθείη
551 760 772 851 διδασκαλίαν,
796 767 972 831 άκόλουθον
992 769 1051 847 μέν
1073 768 1109 855 τῇ
1130 770 1204 851 πρίν

75 867 205 954 δέκείνη
230 864 386 950 αολυθεΐμ
411 860 557 949 τάνδρός,
577 870 869 951 καινοφονεστέρον
899 870 928 930 δ’
950 860 1006 931 οὖν
1027 868 1071 943 εἷς
1094 874 1204 943 κακίας

102 962 291 1049 ὑπερβολήν·
345 963 399 1029 καί
426 966 532 1051 τρίτον
550 969 606 1031 ἵνα
634 973 691 1031 καί
707 971 840 1048 βασιλεῖ
865 970 1119 1057 Καντακουζηνηῖ
1148 967 1205 1043 τάς

102 1068 218 1152 οἰκείας
240 1064 339 1149 εδγάς
359 1065 574 1152 φυλακτήριον
594 1066 674 1137 κατά
696 1066 927 1153 Παλαιολάγου
954 1075 1128 1154 χαρίσαιτο
1146 1072 1205 1134 τοδ

101 1170 265 1251 γαμβροῦ,
285 1160 415 1249 ἥδιστον
445 1166 500 1231 καί
526 1167 614 1250 μάλα
634 1172 671 1252 γέ
689 1192 742 1233 τοι
764 1168 913 1235 ποθεινὸν
947 1169 1080 1257 ἐφόδιον
1108 1168 1202 1259 αὐτῷ.

103 1272 176 1336 ε’πεί
190 1292 225 1349 γε
252 1264 317 1353 μην
345 1271 401 1333 καί
420 1266 554 1346 δλκάδος
581 1266 697 1353 ἔτυχεν
724 1272 758 1335 έκ
791 1274 853 1340 πιέν
884 1275 939 1355 τῆς
970 1271 1204 1355 Θεσσαλονίκης

58 1378 94 1432 10
103 1373 237 1450 λιμένων
258 1368 434 1454 μελλούσης
461 1372 661 1453 ἀνάγεσθαι,
696 1375 804 1456 φέρων
825 1375 880 1437 καί
901 1370 999 1449 ου’τός
1030 1362 1146 1437 lovios
1169 1370 1202 1447 ές

103 1466 206 1551 ου’τὴν
227 1467 424 1553 ἐμβεβλήκει.
448 1473 504 1533 καί
513 1474 611 1553 μέχρι
632 1474 693 1551 μέν
716 1475 778 1535 τῶν
793 1468 1037 1555 Ἦλλησνιοντιλον
1051 1475 1205 1554 πορθμῶν

104 1572 137 1648 ἐξ
157 1570 270 1654 ον’ρίας
297 1562 371 1653 ἦγεν
404 1571 527 1646 αάεοάς
553 1567 705 1653 πελάγιον
733 1572 812 1637 κατά
847 1569 995 1655 πράμναν
1022 1569 1057 1635 τὸ
1079 1575 1205 1652 πνεῦμα

104 1669 299 1755 φερόμενον
343 1674 485 1737 ἐνταῦθα
519 1674 549 1736 δ’
570 1672 672 1736 αὐτοῦ
693 1672 842 1757 λήξαντος
872 1662 1013 1740 καίγοῖον
1032 1672 1131 1737 εἰπεῖν
1152 1695 1207 1735 νε-

103 1773 281 1851 κρννθέντος
314 1770 466 1857 ἐξαίφνης
487 1770 616 1857 νηνεμία
637 1771 747 1855 μακρά
778 1775 911 1854 κατέσχε
931 1770 981 1835 εδ
996 1773 1130 1855 πέλαγος
1148 1772 1207 1847 καί

57 1888 93 1944 15
105 1871 251 1955 ἀκίνητον
278 1867 346 1954 εἶχε
368 1871 425 1956 την
446 1870 566 1937 ὁλκάδα
591 1876 704 1949 τελέως
733 1875 871 1957 ἐκείνην,
894 1874 942 1936 ἐπ’
962 1870 1105 1956 α’γκάρας
1127 1877 1205 1953 μναῖς

103 1970 239 2056 ἡμέραιν
260 1975 351 2037 δυσίν
372 1975 584 2040 σαλεύουσαν.
639 1976 680 2061 τῇ
715 1976 751 2039 δὲ
784 1977 871 2061 τρίτῃ
899 1969 1151 2059 προσελάσαντες
1170 1978 1238 2053 ε’κη
1299 1994 1301 2001 ’

105 2075 194 2136 δυσίν
212 2082 383 2155 ποταμοῖν,
406 2071 616 2159 Σκαμάνδρου
651 2098 683 2140 τε
717 2075 772 2140 καί
804 2078 988 2156 Σιμόεντος,
1024 2076 1057 2139 οἳ
1082 2072 1205 2150 πόλεως

104 2172 282 2251 Ἀσιάτιδος
301 2172 472 2260 Δαρδάνου
500 2181 733 2259 καταρρέοοσιυ
756 2176 809 2259 ἐφ’
831 2170 983 2258 ἑκάτερα,
1012 2182 1204 2257 πειρατικοῖς

103 2274 171 2339 τισί
190 2278 316 2357 λέμβοις
337 2275 366 2341 οἱ
386 2274 545 2361 βάρβαροι
562 2277 681 2361 ταύτην
694 2263 843 2361 άῖροῦοιν
863 2272 1042 2356 α’ναιμοοτίτ
1056 2274 1205 2357 καὶπρὸς

56 2372 270 2457 αοαῖγιαλοίνς
302 2376 552 2453 καθελκύσαντες
581 2378 737 2454 ἐκτίνους’,
767 2372 847 2440 ἔνθα
879 2374 934 2440 καί
965 2380 1028 2439 τοῖν
1049 2374 1205 2461 Ὑρκανοῦ

103 2478 161 2541 τοῦ
189 2476 354 2558 σατράπου
377 2476 472 2543 υἱέων
501 2476 557 2542 τδν
575 2478 792 2562 πρεσβύτερον
822 2480 994 2561 τηνικαῦτα
1023 2480 1204 2561 συνηνέχθη

104 2583 262 2657 παρεῖναι,
283 2576 337 2639 τὸν
355 2580 413 2660 τῆς
434 2575 568 2653 ὁλκάδος
590 2575 717 2643 άποντα
749 2576 867 2663 φόρτον
896 2576 1015 2643 ἐκείνου
1036 2582 1328 2659 βλίτιυντοςῃγρη,

104 2672 283 2753 έξετίθεσάν
304 2700 337 2741 τε
373 2676 428 2741 καί
456 2676 640 2765 ε’ξεηδρουν.
692 2681 766 2761 μεθ’
799 2668 844 2743 dv
867 2673 928 2763 ἤδη
957 2678 1012 2746 καί
1041 2680 1205 2761 Παλαμάς

104 2773 254 2860 έξιίγνεο·
297 2778 352 2843 καί
369 2782 521 2862 γνωσθείς
549 2771 636 2856 ὅστις
659 2778 708 2865 εἴη
730 2778 787 2845 τὸν
809 2780 926 2863 τρόπον
951 2780 1006 2844 καί
1025 2778 1082 2865 την
1100 2768 1205 2859 άξίαν,

104 3006 215 3076 petendi
232 3006 367 3074 Byzantii.
405 3012 432 3058 et
450 3005 562 3076 primunr
580 3006 686 3075 quidem
708 3016 739 3061 nt
758 3006 972 3062 Cantacuaennm
991 3002 1155 3073 impelleret,
1175 3011 1205 3060 ut

103 3090 155 3131 nos
173 3078 317 3145 religionis
335 3093 419 3132 verae
435 3080 597 3146 praesidinm
615 3080 698 3132 durae
716 3080 834 3131 traderet
851 3081 940 3131 morti.
978 3077 1074 3131 deinde
1092 3085 1122 3129 nt
1134 3078 1204 3131 alios

104 3149 189 3202 libros
207 3165 294 3217 nuper
321 3158 414 3201 eontra
432 3166 523 3203 reram
541 3150 701 3220 religionem
732 3151 847 3217 scriptos
866 3150 1021 3216 Byzantinis
1040 3152 1158 3202 mitteret
1177 3156 1204 3201 et

105 3236 164 3272 eam
184 3221 289 3290 quidem
303 3223 458 3287 doctrinam,
480 3238 548 3290 quae
565 3223 674 3275 larebat
691 3222 779 3273 veteri
795 3221 837 3274 illi
857 3222 973 3289 plurium
993 3222 1100 3273 deornm
1120 3220 1203 3273 cultui

105 3293 214 3345 nimiam
232 3293 362 3360 improbe.
400 3303 427 3347 et
445 3296 562 3359 tertiora,
582 3302 612 3345 nt
630 3293 819 3345 Cantacoaeoo
847 3294 907 3361 regi
927 3294 1093 3345 'domesticas
1121 3305 1204 3360 prae.

104 3371 188 3417 staret
207 3380 311 3432 preces,
334 3367 494 3434 praesidium
520 3373 614 3417 contra
632 3363 842 3433 Palacologum,
869 3364 984 3416 allinem.
1022 3364 1203 3417 dulcissimum
1269 3366 1271 3377 '

105 3442 133 3485 et
151 3451 320 3504 summopere
338 3439 391 3506 ipsi
418 3437 595 3491 desideratam
619 3436 754 3488 viaticam.
802 3452 880 3504 quom
901 3444 927 3487 et
945 3437 1022 3488 navis
1043 3438 1166 3487 onerario
1187 3451 1202 3485 a

104 3505 311 3560 Thessalonicae
324 3517 402 3576 porto
413 3516 526 3572 nectara
538 3524 569 3561 se
581 3506 732 3575 praeberet,
750 3508 810 3575 ipse
825 3522 881 3559 eam
901 3508 1058 3559 conscendit
1077 3514 1203 3572 eiusque
1266 3552 1280 3567 ,

104 3576 138 3629 ad
158 3576 253 3627 iretnrn
271 3579 486 3648 Hellespontian
508 3594 555 3631 eos
572 3578 695 3646 portabat
713 3588 810 3630 ventos
836 3578 968 3631 secundus
985 3579 1012 3628 in
1031 3578 1139 3645 puppim
1160 3578 1204 3626 in.

105 3646 208 3698 cidens.
246 3648 290 3700 laic
309 3666 375 3703 vero
395 3666 428 3704 eo
456 3660 578 3703 cessante
600 3658 628 3701 et
648 3659 676 3702 nt
693 3652 730 3701 ita
754 3651 839 3703 dicam
858 3650 989 3701 moriente
1008 3648 1096 3700 subito
1117 3646 1205 3697 mala.

105 3719 149 3769 cia
167 3733 262 3785 magna
286 3722 396 3773 tenebat
423 3738 494 3773 rnare
521 3730 548 3773 et
572 3720 653 3788 plane
680 3723 812 3773 ialrnotanr
837 3720 971 3774 retinebat
988 3734 1084 3771 navem
1102 3718 1129 3768 in
1150 3732 1203 3769 una

105 3804 204 3841 ancora
223 3789 332 3841 biduum
350 3791 531 3844 vacillantem.
550 3795 631 3845 tertio
654 3794 698 3844 die
717 3793 823 3845 advecti
842 3808 875 3843 ex
894 3790 996 3842 duobus
1014 3789 1114 3853 fluviis,
1134 3786 1202 3840 Sea.

104 3861 214 3913 mandre
235 3867 262 3911 et
282 3860 437 3925 Simoente,
463 3865 508 3930 qai
532 3864 595 3914 inde
623 3864 798 3927 aliardano,
824 3863 891 3914 urbe
904 3862 1022 3915 Asiatica
1041 3860 1135 3925 lluont,
1154 3860 1202 3913 llla

106 3930 209 3998 cymbis
227 3932 348 3997 piraticis
365 3932 470 3983 barbari
496 3930 572 3983 nallo
591 3935 675 3986 elluao
701 3936 833 4004 sanguine
852 3934 930 4003 potiti
955 3942 1025 3985 sunt.
1063 3940 1090 3984 et
1115 3933 1147 3983 ad
1165 3932 1204 3987 H·

105 4010 166 4054 tora
183 4002 248 4055 illos
266 4002 448 4067 abducebant3
472 4011 501 4053 at
518 4003 556 4053 ibi
580 4004 685 4073 Satrapi
706 4006 823 4073 Hyrcani
842 4006 957 4057 liliorum
984 4012 1048 4057 nato
1066 4005 1151 4056 maior
1170 4014 1202 4065 eo

104 4080 227 4142 tempore
246 4075 362 4138 adesset,
384 4074 482 4125 accidit
499 4081 581 4140 atque
601 4090 679 4127 omne
697 4078 776 4130 naria
796 4090 863 4128 onas
887 4090 919 4127 eo
937 4078 1098 4145 inspiciente
1117 4086 1205 4138 expo·

105 4146 219 4199 uebatur
238 4154 266 4199 et
292 4146 485 4215 eportabator.'
520 4158 579 4195 enm
606 4148 640 4198 lis
667 4147 786 4200 Palamas
814 4147 984 4202 edocebatur.
1029 4154 1055 4197 et
1078 4150 1204 4213 agnotus,

109 4215 196 4293 qualia
216 4226 288 4274 esset
306 4226 333 4273 et
351 4218 469 4272 morlltns
489 4224 516 4269 et
533 4219 664 4288 dignitate
681 4233 736 4271 noa
756 4218 842 4272 solnm
860 4226 970 4287 prepter
989 4219 1086 4270 alacres
1104 4218 1204 4286 ingen.
