3017 4759
164 294 388 364 nrsvonran
410 291 668 363 nasoniano
695 293 834 358 xxvrv.
854 271 1043 358 24-28.
1070 281 1073 287 ’
1102 279 1178 358 453

60 451 162 537 νειίἰις
183 459 310 535 εἰκότως
344 453 381 522 ἄν
406 482 453 532 τις
476 455 637 520 καλέσειεν
673 452 802 538 όρατάς.
853 451 1178 517 altissimmus

61 566 129 627 τοῦ
156 563 302 646 Χριστοῦ
323 561 417 642 στόμα
439 555 633 643 θεοφάνὲιαν
655 556 809 638 Μάξιμος
830 552 948 641 όρατῆν
968 553 1176 638 ἐπισημαίνε-

29 657 36 670 ’
62 689 124 727 ται
149 662 251 746 λέγειν
270 659 324 725 τόν
347 659 447 744 μέγαν
469 659 648 724 Διονύσιον.
691 657 746 721 καί
767 653 906 743 γὰρκαί
928 653 949 740 ἦ
969 652 1050 718 κατὰ
1070 654 1177 739 σάρκα

62 762 217 847 γέννησις
238 759 338 846 όρατη
362 759 546 846 θεοφάνεια
566 755 615 843 ἦν,
645 756 688 834 ὥς
709 759 765 822 καί
787 754 805 822 ό
827 757 927 841 μέγας
949 758 1067 842 φάσκει
1086 756 1117 819 Γ
1118 780 1175 840 ρη-

33 864 193 948 5γόριος,
217 861 335 927 οότωσί
366 864 466 946 λέγων
488 858 547 924 “eri
571 862 606 925 δὲ
628 862 684 925 νῦν
706 860 866 945 θεοφάνια
893 856 913 941 ἡ
934 853 1109 941 πανήγυρις
1129 853 1175 920 εἴ-

64 987 149 1027 τουν
170 962 335 1050 γενέθλια·
387 961 511 1047 λέγεται
537 958 599 1047 γάρ
634 960 819 1048 ἀμφότερα·
864 954 964 1040 ὄνομα
988 960 1022 1022 όὲ
1040 958 1087 1044 τῷ
1111 982 1176 1043 φα-

67 1066 170 1147 νῆναι
188 1065 247 1147 μὲν
269 1063 448 1150 θεοφάνια,
482 1063 529 1148 τῷ
552 1063 587 1128 δὲ
607 1064 784 1145 γεννᾶσθαι
804 1057 979 1144 γενέθλια.”
1023 1055 1060 1120 οὗ
1080 1057 1202 1140 μόνον,

71 1165 120 1241 te,
147 1163 229 1228 άλλά
248 1164 303 1228 καί
321 1161 360 1228 “ri
384 1162 537 1248 άόρατος”
559 1162 658 1248 φησὶν
677 1159 817 1247 ι(όρυῖται
836 1159 892 1224 καί
913 1156 931 1222 ό
955 1154 1094 1244 ἄναρχος
1118 1153 1177 1244 nip-

67 1264 198 1344 χεται,”
219 1263 274 1328 καί
295 1261 356 1330 όσα
385 1255 457 1346 ἑξῆς
491 1260 735 1348 φρικωδέστερα
769 1259 829 1351 μέν
853 1261 916 1324 εἶσι
937 1261 994 1323 τοῦ
1014 1255 1070 1343 τόν
1094 1258 1176 1344 σάρ-

24 1377 174 1431 inumera
205 1366 261 1428 τοῦ
292 1363 404 1449 κυρίου
437 1361 630 1448 θεοφάνειαν
661 1360 781 1447 όρατὴν
811 1360 998 1444 ὀνομάζειν,
1037 1358 1177 1444 ὁμόλογα

71 1467 109 1530 δὲ
152 1471 219 1539 τοῖς
249 1463 461 1550 εόαγγελικοῖς
497 1462 620 1549 ῥήμασι
647 1469 713 1538 τοῖς
742 1459 784 1526 “ti
810 1461 902 1548 λόγος
929 1458 1010 1546 σάρξ
1041 1457 1179 1544 έγένετο”

71 1565 356 1652 ἀποφαινομένοις.
387 1562 423 1628 οὗ
443 1561 506 1649 μὴν
529 1561 672 1628 άκτιστον
697 1561 751 1626 διά
778 1567 870 1627 τοῦτο
892 1562 1026 1645 θεότητα
1046 1558 1102 1644 τὴν
1121 1557 1240 1633 soon

67 1666 188 1750 κυρίου
210 1666 316 1749 σάρκα
339 1658 463 1751 φαμέν,
496 1663 576 1729 ἀλλά
595 1666 636 1751 τῇ
658 1662 862 1751 προσηκούσῃ
892 1662 1007 1748 γνιόσει
1026 1664 1101 1726 νοῦν
1121 1663 1177 1725 καὶ

68 1769 214 1852 γλῶτταν
237 1763 446 1852 ῥυθμίζοιτες
477 1767 510 1830 ἐκ
542 1768 604 1830 τῶν
626 1763 751 1852 όρατιόν
784 1765 984 1851 θεοφανειῶν
1016 1759 1097 1848 πρός
1119 1760 1176 1845 τὴν

24 1863 305 1953 Ι5τῶν4οράτων
332 1864 420 1930 ’κατὰ
454 1867 587 1949 δύναμιν
618 1865 762 1952 ἀγόμεθα
784 1865 921 1942 ἔννοιαν,
945 1864 1001 1929 καί
1020 1860 1103 1927 κατὰ
1121 1859 1177 1926 τόν

70 1972 163 2031 θεῖον
186 1968 286 2030 εἰπεῖν
299 1967 470 2033 Διονύσιον
491 1966 545 2032 ἐπὶ
564 1965 620 2051 τὴν
644 1965 747 2050 άπλῆν
760 1967 816 2030 καί
836 1963 1001 2050 ἡνωμένην
1019 1966 1082 2029 τῶν
1098 1960 1198 2047 vop?

69 2071 135 2132 τῶν
152 2068 325 2150 θεαμάτων
349 2068 502 2152 άλὴθειαν
518 2067 689 2154 ,ἀναλόγως
714 2064 971 2148 άνατεινόμτθα.”
1017 2062 1098 2152 άλλά
1118 2063 1174 2126 κατ’

71 2166 90 2233 ό
112 2169 255 2256 μελῳδὸς
276 2168 332 2252 τὴν
354 2169 516 2255 σάρκωσιν
531 2167 638 2253 όμνιόν
650 2169 707 2233 τοῦ
728 2166 853 2253 κυριόυ,
866 2164 1082 2252 “θεοφανειάς
1096 2161 1174 2228 σου”

74 2269 200 2355 φάσκει,
220 2267 375 2355 ιιΧριστέ,
395 2272 451 2354 τῆς
462 2269 542 2356 πρός
555 2268 639 2354 ἡμᾶς
653 2270 836 2352 συμπαθῶς
852 2261 1019 2352 γενομένης
1036 2261 1175 2336 Ἡσαΐας

24 2391 60 2446 20
74 2373 143 2456 φῶς
164 2369 240 2434 ἰδών
263 2368 486 2456 έκραόγαζεν.”
540 2371 595 2434 καί
618 2369 726 2459 άπλῶς
757 2366 798 2434 τά
819 2370 852 2433 ἐν
874 2369 956 2431 πάσι
976 2371 1101 2449 καιροῖς
1121 2385 1174 2446 γε-

71 2470 189 2552 νόμενα
222 2470 277 2534 set
303 2471 453 2556 γινόμενα
486 2470 637 2556 θαύματα
673 2471 797 2535 παλαιά
825 2493 858 2534 τε
885 2468 942 2534 καί
970 2465 1028 2530 νέα
1057 2461 1175 2550 όραταό

73 2571 262 2656 θευφάνειαι
288 2571 416 2657 λέγοιντ’
448 2567 485 2637 άν
507 2574 562 2637 καί
588 2571 661 2659 ἱερά
694 2571 982 2654 παραπετάσματα.
1036 2564 1238 2651 όηλιόσειῆ

73 2670 109 2734 ‹tl
136 2672 211 2758 περὶ
245 2675 308 2738 τῶν
335 2673 485 2764 τοιούτων
519 2673 574 2740 καί
606 2669 732 2748 όθεῖος
753 2673 788 2738 ἐκ
811 2671 990 2765 Δαμάσκου
1007 2666 1173 2753 Ἰωάννης·

74 3015 229 3085 bnscnnqne
247 3014 313 3067 dens
336 3022 447 3082 apparet
464 3030 513 3085 per
525 3031 621 3087 magne
630 3017 810 3086 symbolorum
822 3015 960 3082 miracula,
980 3030 1071 3069 omnes
1091 3015 1173 3068 tbeo.

76 3086 184 3155 phanias
204 3085 302 3138 dixerit
324 3087 382 3155 quis
399 3087 531 3140 visibiles.
578 3088 624 3142 aad
651 3091 729 3141 etiarn
749 3091 776 3144 S.
797 3089 896 3143 Christi
922 3101 1019 3154 eorpus
1037 3087 1173 3154 tbeopbu.

75 3159 144 3209 niarn
165 3157 300 3210 visibilem
319 3159 410 3211 dicere
438 3175 561 3228 magnum
588 3159 746 3228 Dionysium
766 3161 894 3214 Maximus
920 3161 1029 3213 indicat.
1074 3159 1172 3215 etenim

76 3237 163 3296 partus
182 3243 230 3295 per
250 3245 355 3281 carnem
375 3231 492 3284 visibilis
511 3239 567 3284 erat
585 3230 758 3300 theophania,
778 3239 807 3284 ut
827 3230 875 3282 ille
895 3231 1040 3300 Gregorius
1058 3231 1106 3295 ait,
1126 3235 1172 3288 ubi

76 3301 112 3351 ita
131 3298 264 3368 loquitur:
284 3300 447 3369 theophania
466 3319 536 3354 nune
550 3301 678 3367 laudatio,
698 3303 715 3355 i.
737 3321 760 3354 e.
779 3303 920 3368 nativitas3
939 3311 1081 3370 utrumque
1102 3308 1172 3358 enim

76 3371 187 3438 dieitur,
212 3371 374 3439 tlreopbania
402 3377 583 3447 οψάνηναι,
608 3375 640 3427 ab
659 3376 734 3426 nasei
752 3376 888 3427 nativitas.
931 3389 981 3426 neo
1002 3374 1054 3426 boc
1074 3375 1171 3444 solum,

79 3457 166 3494 verum
187 3443 264 3494 etiarn
285 3445 430 3498 invisibilis
450 3447 614 3514 conspicitur
634 3453 667 3511 et,
688 3447 732 3514 qui
761 3447 865 3498 initium
883 3461 938 3498 non
958 3445 1049 3510 babet,
1066 3446 1171 3500 initium

78 3515 154 3579 capit.
190 3521 217 3566 et
234 3529 302 3583 quae
321 3531 401 3581 porro
419 3517 527 3570 duriora
546 3526 608 3570 snut
626 3533 703 3586 quam
728 3519 938 3570 incarnationem
957 3517 1055 3570 domini
1074 3518 1171 3570 visibi-

77 3585 126 3636 lem
145 3583 332 3654 tbeopbaniam
353 3588 500 3656 appellare,
521 3589 618 3641 similia
636 3591 669 3641 iis
690 3590 827 3659 evangelii
846 3589 937 3643 verbis
957 3605 1040 3657 quaet
1060 3595 1087 3639 et
1105 3603 1171 3642 ver.

76 3656 134 3708 bum
153 3671 213 3707 caro
233 3656 399 3723 factumest,
419 3661 570 3715 ostendunt.
590 3677 678 3730 neque
707 3661 776 3713 enirn
795 3663 940 3734 increatam
961 3660 995 3712 ob
1015 3659 1083 3711 bane
1104 3676 1170 3713 cau.

78 3743 129 3778 sam
148 3728 271 3779 deitatem
289 3728 389 3780 domini
409 3747 514 3782 earnem
533 3733 654 3797 dicimus,
673 3734 720 3786 sed
739 3734 770 3785 ad
787 3743 873 3801 aptam
892 3732 1073 3799 'cognitionem
1092 3748 1171 3784 men.

77 3806 127 3849 tem
146 3807 171 3850 et
188 3798 305 3867 linquam
323 3801 517 3870 coniungentes
534 3821 568 3856 ex
586 3805 739 3857 visibilibus
758 3805 929 3872 theophaniis
943 3803 975 3854 ad
993 3803 1169 3856 invisibilium
1260 3835 1266 3844 ι

76 3883 124 3937 pro
141 3868 240 3921 viribus
261 3872 360 3923 nostris
380 3874 559 3941 cognitionem
573 3875 692 3928 ducimur
712 3884 739 3928 et
750 3884 780 3927 ut
794 3875 820 3928 S.
832 3875 978 3940 Dionysius
995 3876 1032 3927 ait
1051 3876 1082 3927 ad
1102 3877 1169 3928 sim.

77 3939 168 4008 plioeur
189 3948 215 3991 et
233 3941 380 4007 perlectum
401 3944 577 4011 spiritualium
597 3947 849 4014 contemplationum
866 3946 1006 3998 veritatem
1024 3962 1073 4014 per
1091 3949 1168 4000 simi.

77 4012 209 4064 litudinem
230 4012 365 4080 erigimur.
403 4023 483 4081 poeta
501 4015 710 4070 incarnationem
730 4019 827 4069 domini
847 4016 1004 4070 celebrans:
1032 4019 1167 4085 tbeopba.

77 4083 135 4134 nina
151 4083 371 4149 tuae‚„Ghriste,
389 4087 490 4153 inquit,
520 4101 589 4155 qnae
608 4104 656 4156 per
680 4088 891 4142 misericordiam
913 4089 983 4141 iacta
1003 4095 1058 4152 est,
1077 4089 1167 4142 lumen
1211 4098 1218 4102 ’

79 4169 151 4221 quum
169 4155 281 4207 vidisset
297 4155 377 4208 leaias
397 4156 566 4210 exclamavit.
602 4168 682 4227 atque
700 4158 829 4211 miracula
847 4161 978 4228 cuiusque
993 4161 1123 4227 temporis
1141 4168 1169 4212 et

79 4225 178 4294 antiqua
197 4233 223 4278 et
243 4241 314 4280 nova
332 4235 458 4296 poterant
477 4227 599 4285 risibiles
622 4229 803 4300 theophaniae
820 4233 952 4290 nominent
979 4241 1006 4288 ot
1028 4247 1104 4287 sacra
1121 4232 1168 4288 in-
