3017 4759
651 116 895 191 l‘lidEffllO·
1032 173 1036 180 -
1247 129 1318 201 'vu

215 318 217 325 ,
320 274 482 354 Alterum
514 284 671 359 codicem
703 285 937 368 Parisiensem
976 294 1088 391 priori
1113 287 1318 395 'supplendo
1379 365 1381 370 .

220 441 449 534 comperimus
477 438 495 515 a
523 442 705 541 Friderico
718 450 955 545 Rostgaardio
977 477 1059 532 esse
1082 479 1131 531 ex
1149 456 1319 533 Vaticano

161 660 164 666 ,
219 598 447 694 exscriptum,
469 603 680 700 missumque
704 604 860 685 Parisios
886 612 950 685 tali
975 620 1226 714 propemptioo.

671 866 730 941 Ad
756 868 884 944 librum

391 1042 505 1137 duplex
529 1042 772 1111 dodecastichon
794 1047 945 1114 Friderici
965 1012 1148 1154 liostgaardg

672 1247 867 1257 ,----..

215 1401 313 1469 Parve
331 1403 422 1487 liber,
445 1422 580 1488 propera
602 1406 755 1471 dominam
778 1411 955 1495 pertingere
975 1410 1015 1477 ad
1034 1415 1152 1495 urbem,

300 1506 396 1580 Quum
418 1526 474 1570 rex
494 1508 636 1591 Europae
659 1518 762 1574 terror
783 1530 930 1593 amorque
951 1513 1047 1578 fovet.
1081 1528 1086 1531 ·

133 1666 138 1680 ,
216 1609 291 1673 lnde
313 1610 507 1673 verecundus
530 1617 559 1673 te
583 1628 689 1674 sacras
715 1610 824 1676 confer
844 1614 876 1675 in
900 1614 996 1679 aedes

139 1708 143 1714 ’
299 1710 381 1785 Quas
402 1710 464 1776 late
484 1709 615 1794 Augusti
634 1710 824 1777 bibliotheca
845 1713 952 1794 replet.

122 1820 125 1831 ’
186 1813 272 1878 5Par
293 1814 348 1876 tibi
369 1814 515 1877 continuo
535 1819 660 1893 praesto
688 1820 736 1876 cst
756 1815 876 1898 insigne
901 1818 1049 1899 virorum,

295 1915 349 1979 llle
372 1906 459 1980 meus
482 1913 624 1977 Clemens
646 1914 851 1998 Boivinusque
874 1936 970 1982 meus.

211 2016 368 2080 Alteruter
388 2022 418 2077 te
440 2012 591 2091 deducet3
611 2012 661 2076 vel
684 2014 789 2079 forsan
810 2024 955 2099 uterque:

294 2117 397 2182 Cornis
420 2119 501 2180 enirn
524 2123 588 2180 tota
612 2122 659 2179 est
679 2120 763 2182 natio
785 2118 1026 2203 Francigenum:

208 2219 247 2283 Et
267 2226 299 2283 te
323 2218 452 2287 Tellenio
475 2221 572 2283 sistet
616 2225 649 2280 tu
671 2226 811 2300 tempora
833 2218 918 2284 fandi

167 2326 200 2379 10
285 2320 434 2403 Expecta,
455 2328 486 2384 et
506 2321 597 2383 venia
620 2318 740 2383 dissere
761 2338 861 2402 pauca
882 2319 963 2386 data.

82 2506 86 2511 η
207 2424 265 2487 Dic
286 2443 306 2489 a
328 2442 387 2506 quo
409 2427 519 2489 missus
541 2426 661 2505 venias,
686 2432 717 2487 et
738 2442 827 2506 quam
849 2443 969 2488 memor
990 2442 1086 2505 usque

253 2594 256 2604 η
290 2526 413 2591 Mittens
436 2525 562 2590 'lellerii
584 2527 709 2590 nomina
732 2533 839 2589 sancta
860 2527 951 2590 colat.

166 2706 167 2709 Ἴ
206 2626 322 2709 Nempe
343 2628 469 2691 iubente
490 2626 542 2692 illo
565 2629 667 2690 cuncti
687 2635 817 2709 patuere
838 2644 982 2691 recessus

150 2782 156 2795 .
264 2745 268 2750 ·
289 2729 368 2791 Dum
390 2735 442 2793 tua
463 2747 523 2808 me,
547 2728 634 2793 dives
651 2728 803 2809 Sequana,
823 2730 889 2810 ripa
909 2736 1002 2809 tenet,

162 2828 373 2914 15Utiliusque
395 2831 497 2897 datum
519 2839 567 2895 est
590 2833 708 2917 regalia
729 2839 812 2896 tecta
833 2832 938 2895 subire

287 2932 490 3015 Millenosque
509 2934 597 2998 libris
620 2932 799 3017 invigilasse
824 2932 901 2996 dies.
1192 3005 1195 3024 Ι

202 3033 260 3097 Dic
279 3051 337 3116 pro
359 3040 405 3098 tot
424 3037 553 3115 meritis,
578 3051 637 3116 qua
656 3034 718 3099 late
741 3034 917 3098 extenditur
937 3034 1037 3116 orbis,
1120 3044 1126 3050 '

287 3133 410 3199 'lellcrii
432 3134 541 3199 laudes
563 3155 613 3198 me
635 3144 803 3218 praeeunte
825 3137 915 3216 cani,

203 3236 348 3318 Quaeque
370 3255 460 3301 meae
485 3243 616 3300 renuunt
634 3243 745 3301 tenues
766 3236 946 3319 persolvere
969 3236 1063 3316 vires,

156 3333 192 3388 2⁰
285 3339 343 3402 Pro
365 3357 415 3402 me
437 3339 592 3404 Musarum
613 3336 747 3403 reddere
769 3336 849 3401 velle
872 3337 1009 3401 chorum.

200 3438 298 3503 Unum
320 3440 382 3504 hoc
404 3438 493 3522 addc,
515 3440 604 3521 liber,
629 3459 692 3503 non
711 3446 741 3502 te
762 3457 819 3521 pro
843 3456 969 3503 munere
990 3438 1077 3518 mitti,

280 3540 344 3609 Sed
367 3541 420 3607 fidi
441 3546 552 3627 pignus
574 3541 678 3605 cordis
700 3548 730 3604 ct
751 3542 901 3622 obsequii.

197 3641 236 3706 Et
258 3642 380 3708 dabitur
401 3644 518 3725 forsan,
543 3646 570 3709 si
594 3639 731 3707 crederis
751 3644 834 3706 utilis
854 3641 919 3722 ulli,

280 3744 412 3829 Augusti
434 3747 466 3809 in
488 3744 595 3809 lorulis
616 3752 650 3807 ut
670 3746 791 3827 potiare
810 3741 893 3806 loco.

323 3899 477 3982 Scriptum
499 3896 615 3963 Romae
636 3914 664 3961 a.
690 3894 719 3961 d.
743 3894 830 3961 XXII
851 3892 924 3958 lilaii
945 3861 1135 3960 MDCXCIX.

606 4033 866 4053 Μ..-
