3017 4759
273 192 299 268 ίι
575 202 799 270 sicanuom
829 177 1063 295 sansonis
1099 210 1101 219 ¹

181 412 184 423 -
273 364 356 447 λαδὴ
380 363 433 428 τὸν
457 364 607 451 τοξότην,
628 368 691 428 ταῖν
712 368 803 429 δυοῖν
831 365 1058 449 διατριβόντων
1082 361 1262 448 φωστήρων
1285 386 1375 445 τηνι-

213 490 241 507 *¹
273 468 383 550 ναῦτα,
405 467 459 528 καί
479 464 571 544 μόλις
593 488 654 529 που
679 469 899 529 πεντεκαίδεκα
928 468 1043 547 μοίρας
1067 462 1292 548 ἀφισταμένων
1315 457 1375 525 ‹tt-

208 561 212 571 ’
272 561 398 648 λήλων,
427 562 510 645 μετοὶ,
533 563 667 629 σύνοδον
689 557 749 649 ήδη
773 568 828 648 τῆς
842 569 973 649 σελήνης
997 560 1177 649 φευγούσης
1199 561 1253 626 τὸν
1273 557 1374 644 ήλιον,

271 667 327 729 καί
346 661 443 750 μήπω
465 668 540 748 μηδ’
569 666 671 749 τιν’τής·
692 670 768 751 μηδ’
799 667 853 732 tut
872 662 981 751 βραχδ
1017 666 1194 747 δυναμένης
1219 658 1374 747 βραχειάς

271 770 346 849 γοῦν
370 771 409 852 τῇ
442 768 514 829 καθ’
546 768 629 849 ἡμᾶς
662 769 830 854 οἰκουμένη
859 774 1009 849 χορηγεῖν
1032 766 1095 828 τοδν
1124 766 1247 828 οἰκείων
1267 762 1398 845 ου’γαῖνϊι

272 863 330 939 τοὶς
352 866 532 946 λαμπάδας.
576 864 638 949 ἐγώ
660 870 736 948 γοῦν
751 860 872 950 οἷήθους
895 869 950 929 καί
965 869 1055 944 ξένου
1076 862 1161 939 τινές
1185 863 1374 944 αἰσθόμενος

272 968 419 1030 έντεῦθεν
439 956 581 1049 πατάγου
606 966 646 1030 τὰ
669 970 730 1047 μὲν
748 972 859 1050 πρῶτα
883 966 936 1029 διὰ
961 966 1019 1049 τήν
1041 963 1162 1047 α’ωρίαν
1183 963 1373 1049 έξεπεπλήγτ

270 1090 350 1151 μην·
395 1060 461 1131 είτα
495 1065 600 1151 φωτὸς
624 1066 826 1145 κομισθέντος
859 1068 914 1131 καί
937 1065 1015 1132 ι’δων
1034 1066 1104 1130 οὔδ’
1124 1061 1225 1141 οὕτως
1247 1059 1373 1129 οδδέπω

270 1170 334 1229 τῶν
357 1172 523 1251 γνωρίμων
537 1166 622 1241 έντός
643 1166 790 1246 ἐνόμιζον
810 1162 892 1231 εἶναι
916 1166 999 1254 τινοὶ,
1019 1169 1151 1250 μακροδν
1174 1167 1227 1230 διὰ
1243 1164 1299 1249 τήν
1318 1168 1372 1230 έκ-

274 1268 392 1351 δημιάν
417 1261 480 1351 ήδη
504 1291 565 1343 που
598 1274 849 1351 παραρρυέντων
869 1272 967 1349 ε’ττδν,
990 1269 1046 1332 καί
1066 1268 1147 1331 αδτοὶ
1172 1266 1286 1351 σχεδὸν
1308 1270 1371 1342 ταῖν
1382 1274 1434 1327 1οψ

271 1369 484 1452 χαρακτήρων
507 1372 562 1451 τῆς
581 1362 684 1451 ὅψεως
707 1371 810 1433 αίτοῦ
821 1371 860 1433 τὰ
882 1378 1000 1454 σημεῖα
1021 1372 1078 1452 τής
1104 1371 1180 1450 ἐμῆς
1203 1367 1371 1454 οἷφηρημέ.

271 1492 335 1531 νων
356 1468 492 1551 μνήμης.
536 1463 604 1532 dtt'
626 1472 741 1545 ἐκεῖνος
762 1470 835 1533 ἐπεί
851 1493 885 1534 τε
901 1468 966 1534 ἴδοι
989 1473 1043 1533 καί
1064 1468 1215 1553 δναγνοίη
1235 1466 1372 1548 βεβαίως

272 1568 345 1647 έμέ,
381 1566 497 1648 βύθιόν
528 1595 559 1633 τι
594 1570 649 1634 καί
694 1566 831 1656 σφόδρα,
863 1575 1039 1655 περιπαθὲς
1073 1569 1261 1657 ἀνῴμωξεν,
1308 1560 1372 1632 οἷον

271 1660 396 1750 ἄθρουν
417 1668 488 1733 τινὰ
517 1673 572 1734 καί
598 1668 764 1755 ὁμιχλώδη
796 1670 915 1736 καπνὸν
947 1676 1131 1754 καμινιαίας
1159 1665 1297 1755 αίθοίλης
1317 1672 1373 1751 τῆς

271 1762 361 1830 ἔνδον
384 1772 529 1845 έπιεικοῖς
552 1770 753 1853 δδυνωμένης
774 1777 885 1854 ψυχῆς
908 1774 1102 1853 α’ναπέμπων
1122 1776 1179 1836 τοῦ
1201 1773 1438 1851 στόματος·15ι

271 1867 327 1930 καί
348 1861 415 1948 ἅμα
437 1874 623 1953 περιχυθεὶς
646 1874 701 1934 κοί
719 1873 899 1954 περιβαλών
911 1897 952 1954 με
973 1874 1076 1937 οὐκέθ’
1099 1868 1213 1936 ἑαυτὸν
1233 1875 1292 1935 τοῦ
1313 1873 1373 1935 δα-

271 1967 378 2052 κρύειν
399 1973 544 2051 κατέχειν
567 1973 720 2056 ἐδύνατο,
742 1974 810 2035 ου’δ’
845 1972 979 2055 α’ποὶγειν
1001 1973 1120 2062 ῥᾳδίως
1142 1970 1246 2037 έκεῖνο
1270 1972 1372 2056 δήπου

271 2070 372 2151 λέγειν
395 2064 454 2133 ὅσα
485 2070 591 2155 γνώμη
616 2072 746 2137 δίδωσιν
765 2075 799 2137 έκ
821 2072 922 2159 λδπης
953 2077 1009 2139 καί
1025 2076 1130 2158 χαρᾶς
1158 2076 1373 2158 α’νσκεραννυ-

270 2173 349 2256 μένη
379 2174 435 2236 καί
467 2173 793 2253 ζυγομαχοῦσακκαί
816 2200 882 2250 πως
910 2178 1197 2259 μετοχρωννομένη
1228 2172 1285 2258 τήν
1319 2177 1373 2258 τής
1504 2201 1505 2268 η

270 2267 363 2348 ἕξεως
384 2271 494 2356 βαφήν
517 2273 572 2355 τής
587 2276 706 2356 ψυχῆς.
738 2273 834 2340 ἔπειτ’
854 2274 1005 2358 α’νασχοδν
1026 2278 1072 2350 εἰς
1091 2268 1175 2358 δψος
1189 2272 1247 2349 τοὶς
1260 2282 1417 2357 χεῖραςῖθ
1504 2339 1505 2364 ,

266 2370 470 2455 “ευ’χαρισττδ
492 2397 552 2454 σοι,
573 2372 714 2439 πάντων”
731 2374 817 2459 ἔλεγε
836 2372 944 2460 ((θεός,
970 2371 1021 2440 δτι
1039 2400 1093 2460 με,
1115 2376 1189 2458 πρίν
1210 2371 1232 2457 ή
1251 2380 1372 2456 θανεῖν,

187 2470 197 2563 J
270 2472 390 2555 θεατήν
426 2471 590 2549 ἐδεδοίκεις
614 2480 763 2556 γενέσθαι
785 2480 842 2540 τοῦ
863 2481 1082 2559 ποθουμένου,
1116 2475 1151 2541 δν
1184 2475 1244 2559 ε’γιδ
1273 2481 1371 2560 μέχρι

263 2574 326 2636 καί
349 2574 381 2649 ές
409 2572 482 2639 τόδε
507 2578 570 2641 ττόν
593 2578 626 2641 έν
654 2578 713 2663 βίην
742 2574 868 2642 πάντων
890 2578 1001 2661 ήδέωνΙ
1019 2577 1212 2675 ἐπίπροσθεν
1237 2580 1371 2641 dissess-

276 2896 425 2968 quindecim
447 2900 504 2953 iere
524 2901 643 2969 partibus
663 2902 775 2955 alterum
793 2904 826 2955 ab
848 2904 934 2955 altero
949 2902 1062 2956 distabat
1080 2902 1143 2953 luna
1159 2908 1221 2968 post
1239 2912 1370 2970 congres-

274 2988 331 3024 sum
350 2974 401 3023 iam
422 2972 506 3025 solem
532 2974 669 3042 fugiente,
695 2976 731 3025 ita
749 2984 779 3025 ut
797 2977 854 3041 ipsa
873 2992 907 3026 ne
926 2978 953 3025 in
972 2975 1057 3026 breve
1074 2975 1180 3043 quidem
1198 2982 1301 3040 tempus
1324 2974 1369 3024 vel

275 3045 373 3110 exigua
390 3053 508 3095 nostram
522 3055 619 3097 terram
638 3045 700 3096 luce
719 3045 880 3099 collustrare
897 3054 998 3114 posset.
1020 3060 1070 3114 ego
1090 3054 1176 3096 autem
1196 3060 1276 3112 quum
1289 3052 1370 3096 nocte

278 3114 439 3181 intempesta
462 3131 560 3167 novum
587 3126 667 3185 atque
686 3117 823 3170 insolitum
846 3120 973 3170 sentirem
994 3118 1150 3183 strepitum,
1176 3116 1287 3182 primum
1307 3116 1368 3183 qui.

273 3186 332 3237 dem
357 3195 427 3237 metu
448 3189 605 3253 perterritus
637 3203 723 3253 eram3
752 3190 848 3242 deinde
878 3204 943 3240 vero
975 3189 1075 3239 lumine
1101 3186 1183 3239 allato
1213 3202 1292 3255 quum
1318 3188 1369 3237 iam

274 3274 386 3308 cernere
409 3258 494 3310 oculis
516 3274 632 3325 possem,
651 3276 818 3329 nequaquam
838 3269 928 3312 notum
948 3260 1077 3328 quendam
1098 3259 1163 3309 mihi
1182 3258 1381 3308 hominemin.'

273 3336 315 3379 tus
339 3344 398 3381 esse
417 3330 549 3396 putabam.
595 3332 692 3383 multos
716 3335 861 3385 animiam
880 3348 963 3384 annos
988 3331 1037 3383 ille
1056 3332 1243 3399 peregrinatus
1265 3324 1369 3391 faeiat,

271 3401 356 3450 itaut
377 3404 504 3467 temporis
523 3401 719 3471 longinquitate
738 3408 814 3473 signa
833 3414 914 3472 atque
934 3404 1095 3454 lineamenta
1112 3403 1165 3453 oris
1185 3401 1242 3452 eius
1262 3418 1294 3452 ex
1312 3414 1370 3451 mea

272 3472 399 3521 memoria
419 3472 476 3523 iere
499 3475 669 3526 excidissent.
715 3476 764 3527 ille
790 3484 876 3527 autem
898 3490 977 3543 quum
997 3491 1038 3525 me
1064 3475 1169 3525 videret
1189 3480 1269 3540 atque
1290 3470 1370 3538 plane

178 3549 193 3563 ¹
273 3553 442 3610 agnosceret,
454 3546 627 3597 veliementer
650 3556 794 3599 commotus
812 3548 844 3598 ab
866 3549 918 3597 imo
940 3554 1051 3611 pectore
1063 3547 1205 3611 suspirium
1226 3544 1325 3606 eduxit,
1345 3550 1371 3591 et

273 3614 359 3665 veluti
379 3615 486 3667 densum
506 3624 586 3685 atque
603 3618 762 3670 nebulosum
783 3619 881 3670 fumum
900 3626 926 3668 et
947 3615 1087 3685 fuliginem
1106 3615 1268 3669 fornacalem
1289 3614 1370 3665 animi

272 3686 344 3738 intus
364 3703 464 3737 summo
487 3689 580 3741 dolore
605 3692 750 3742 aestuantis
777 3706 811 3741 ex
834 3706 881 3741 ore
906 3688 1059 3754 exhalavit,
1079 3704 1175 3756 meque
1202 3684 1370 3738 circumdatis

273 3757 344 3809 collo
367 3758 482 3811 brachiis
502 3761 665 3827 amplexatus
685 3778 700 3812 a
721 3761 839 3813 lacrimis
859 3761 909 3812 sibi
930 3769 1084 3828 temperare
1099 3776 1152 3811 non
1168 3760 1263 3825 potuit,
1282 3770 1370 3823 neque

272 3843 337 3880 sane
359 3846 387 3881 se
409 3839 501 3883 tenere
521 3835 660 3900 quominus
680 3834 801 3898 diceret,
823 3848 891 3901 quae
910 3847 1004 3884 sensus
1023 3848 1145 3883 maerore
1169 3840 1248 3898 atque
1266 3828 1371 3880 laetitia

272 3904 437 3967 commixtus,
458 3921 536 3972 quum
559 3921 649 3956 secum
671 3906 729 3972 ipse
752 3903 1182 3972 conflictaturanimumquequasi
1201 3902 1254 3953 alio
1278 3898 1370 3951 colore

167 3982 176 4001 ·
208 4006 213 4017 .
270 3971 374 4038 imbuit,
393 3976 470 4027 nohis
493 3992 640 4043 suggerere
662 3983 741 4042 atque
769 3978 882 4027 iniicere
903 3976 983 4028 solet.
1023 3976 1118 4028 deinde
1139 3982 1225 4025 autem
1249 3971 1369 4025 manibus

264 4040 396 4110 ¹sublatis,
423 4051 505 4115 gratis
524 4049 572 4098 tihi
594 4064 660 4114 ago,
680 4047 782 4113 inquit,
804 4049 869 4099 deus
892 4049 1069 4114 amnipotens,
1088 4048 1159 4115 quod
1178 4054 1240 4097 ante
1258 4053 1370 4095 mortem

270 4119 429 4187 optatissimi
447 4120 511 4171 mihi
532 4119 648 4170 hominis
669 4117 796 4182 adspectu
819 4119 871 4171 lsai
895 4122 1048 4188 permisisti,
1057 4135 1135 4191 quem
1144 4133 1195 4187 ego
1217 4118 1303 4169 adhuc
1321 4131 1369 4169 us-
