<?xml version="1.0" encoding="UTF-8"?>
<!DOCTYPE html PUBLIC "-//W3C//DTD XHTML 1.0 Transitional//EN"
    "http://www.w3.org/TR/xhtml1/DTD/xhtml1-transitional.dtd">
<html xmlns="http://www.w3.org/1999/xhtml" xml:lang="en" lang="en">
 <head>
  <title>
</title>
<meta http-equiv="Content-Type" content="text/html;charset=utf-8" />
  <meta name='ocr-system' content='tesseract 3.04.00' />
  <meta name='ocr-capabilities' content='ocr_page ocr_carea ocr_par ocr_line ocrx_word'/>
</head>
<body>
  <div class='ocr_page' id='page_1' title='image "./corpusscriptoru13theogoog/corpusscriptoru13theogoog_0339.png"; bbox 0 0 3017 4759; ppageno 0'>
   <div class='ocr_carea' id='block_1_1' title="bbox 280 221 1253 322">
    <p class='ocr_par' dir='ltr' id='par_1_1' title="bbox 280 221 1253 322">
     <span class='ocr_line' id='line_1_1' title="bbox 280 221 1253 322; baseline 0.001 -5"><span class='ocrx_word' id='word_1_1' title='bbox 280 249 507 319; x_wconf 83' lang='lat' dir='ltr'>nrsronmx</span> <span class='ocrx_word' id='word_1_2' title='bbox 526 250 784 321; x_wconf 80' lang='lat' dir='ltr'>nxaaumuan</span> <span class='ocrx_word' id='word_1_3' title='bbox 801 255 899 318; x_wconf 87' lang='lat' dir='ltr'><strong>xxx.</strong></span> <span class='ocrx_word' id='word_1_4' title='bbox 915 235 1103 322; x_wconf 79' lang='lat' dir='ltr'>ts-tt.</span> <span class='ocrx_word' id='word_1_5' title='bbox 1173 221 1253 318; x_wconf 74' lang='grc' dir='ltr'><strong><em>σιτ</em></strong></span> 
     </span>
    </p>
   </div>
   <div class='ocr_carea' id='block_1_2' title="bbox 48 406 1442 2717">
    <p class='ocr_par' dir='ltr' id='par_1_2' title="bbox 48 406 1442 2717">
     <span class='ocr_line' id='line_1_2' title="bbox 149 406 1246 497; baseline 0.002 -23"><span class='ocrx_word' id='word_1_6' title='bbox 149 434 202 474; x_wconf 89' lang='grc' dir='ltr'><strong><em>ναι</em></strong></span> <span class='ocrx_word' id='word_1_7' title='bbox 224 419 288 488; x_wconf 93' lang='grc' dir='ltr'><strong><em>τοῖς</em></strong></span> <span class='ocrx_word' id='word_1_8' title='bbox 309 415 579 496; x_wconf 76' lang='grc' dir='ltr'><strong><em>παραδεδομένοις</em></strong></span> <span class='ocrx_word' id='word_1_9' title='bbox 601 409 663 477; x_wconf 80' lang='grc' dir='ltr'><strong><em>ἐπὸ</em></strong></span> <span class='ocrx_word' id='word_1_10' title='bbox 685 417 741 479; x_wconf 80' lang='grc' dir='ltr'><strong><em>τοῦ</em></strong></span> <span class='ocrx_word' id='word_1_11' title='bbox 758 412 943 497; x_wconf 77' lang='grc' dir='ltr'><strong><em>πνεύματος,</em></strong></span> <span class='ocrx_word' id='word_1_12' title='bbox 963 409 1007 496; x_wconf 79' lang='grc' dir='ltr'><em>μὴ</em></span> <span class='ocrx_word' id='word_1_13' title='bbox 1029 415 1104 495; x_wconf 87' lang='grc' dir='ltr'><strong><em>παρ’</em></strong></span> <span class='ocrx_word' id='word_1_14' title='bbox 1125 406 1246 478; x_wconf 80' lang='grc' dir='ltr'><strong><em>ἐαυτοῦ</em></strong></span> 
     </span>
     <span class='ocr_line' id='line_1_3' title="bbox 149 510 1244 600; baseline 0.002 -26"><span class='ocrx_word' id='word_1_15' title='bbox 149 518 608 596; x_wconf 83' lang='grc' dir='ltr'><strong><em>φιλοτιμεῖσθαικαινοτομεῖν,</em></strong></span> <span class='ocrx_word' id='word_1_16' title='bbox 630 513 712 580; x_wconf 85' lang='grc' dir='ltr'><strong><em>άλλά</em></strong></span> <span class='ocrx_word' id='word_1_17' title='bbox 733 524 798 590; x_wconf 85' lang='grc' dir='ltr'><strong><em>τοῖς</em></strong></span> <span class='ocrx_word' id='word_1_18' title='bbox 811 517 1134 600; x_wconf 71' lang='grc' dir='ltr'><strong><em>προκατηγγελμένοις</em></strong></span> <span class='ocrx_word' id='word_1_19' title='bbox 1156 510 1244 596; x_wconf 83' lang='grc' dir='ltr'><strong><em>παρά</em></strong></span> 
     </span>
     <span class='ocr_line' id='line_1_4' title="bbox 147 610 1245 706; baseline 0 -30"><span class='ocrx_word' id='word_1_20' title='bbox 147 612 207 676; x_wconf 79' lang='grc' dir='ltr'><strong><em>ταῖν</em></strong></span> <span class='ocrx_word' id='word_1_21' title='bbox 228 610 328 696; x_wconf 84' lang='grc' dir='ltr'><strong><em>άγίων</em></strong></span> <span class='ocrx_word' id='word_1_22' title='bbox 357 616 603 700; x_wconf 77' lang='grc' dir='ltr'><strong><em>ἐφησυχάζειν.”</em></strong></span> <span class='ocrx_word' id='word_1_23' title='bbox 651 614 668 678; x_wconf 84' lang='grc' dir='ltr'><strong><em>δ</em></strong></span> <span class='ocrx_word' id='word_1_24' title='bbox 704 618 740 679; x_wconf 85' lang='grc' dir='ltr'><strong><em>δέ</em></strong></span> <span class='ocrx_word' id='word_1_25' title='bbox 769 612 825 698; x_wconf 69' lang='grc' dir='ltr'><strong><em>τὴν</em></strong></span> <span class='ocrx_word' id='word_1_26' title='bbox 855 617 999 706; x_wconf 71' lang='grc' dir='ltr'><strong><em>γλῶτταν</em></strong></span> <span class='ocrx_word' id='word_1_27' title='bbox 1022 617 1165 697; x_wconf 80' lang='grc' dir='ltr'><strong><em>χρυσοῦς</em></strong></span> <span class='ocrx_word' id='word_1_28' title='bbox 1191 613 1245 676; x_wconf 80' lang='grc' dir='ltr'><strong><em>κατ’</em></strong></span> 
     </span>
     <span class='ocr_line' id='line_1_5' title="bbox 148 706 1244 800; baseline 0.001 -25"><span class='ocrx_word' id='word_1_29' title='bbox 148 712 244 788; x_wconf 87' lang='grc' dir='ltr'><strong><em>ου’τός</em></strong></span> <span class='ocrx_word' id='word_1_30' title='bbox 264 713 381 793; x_wconf 76' lang='grc' dir='ltr'><strong><em>ὁμοίως</em></strong></span> <span class='ocrx_word' id='word_1_31' title='bbox 399 714 457 779; x_wconf 81' lang='grc' dir='ltr'><strong><em>“ἐν</em></strong></span> <span class='ocrx_word' id='word_1_32' title='bbox 477 724 545 790; x_wconf 88' lang='grc' dir='ltr'><strong><em>ταῖς</em></strong></span> <span class='ocrx_word' id='word_1_33' title='bbox 567 720 691 791; x_wconf 85' lang='grc' dir='ltr'><strong><em>θειάις”</em></strong></span> <span class='ocrx_word' id='word_1_34' title='bbox 715 713 797 800; x_wconf 73' lang='grc' dir='ltr'><strong><em>φησί</em></strong></span> <span class='ocrx_word' id='word_1_35' title='bbox 810 712 973 800; x_wconf 80' lang='grc' dir='ltr'><strong><em>“γραφαῖς</em></strong></span> <span class='ocrx_word' id='word_1_36' title='bbox 999 713 1077 778; x_wconf 76' lang='grc' dir='ltr'><strong><em>ἰῶτα</em></strong></span> <span class='ocrx_word' id='word_1_37' title='bbox 1100 709 1134 776; x_wconf 78' lang='grc' dir='ltr'><strong><em>ἓν</em></strong></span> <span class='ocrx_word' id='word_1_38' title='bbox 1153 706 1174 796; x_wconf 77' lang='grc' dir='ltr'><em>ἢ</em></span> <span class='ocrx_word' id='word_1_39' title='bbox 1192 736 1244 776; x_wconf 91' lang='grc' dir='ltr'><strong><em>κε-</em></strong></span> 
     </span>
     <span class='ocr_line' id='line_1_6' title="bbox 122 809 1246 902; baseline 0.002 -26"><span class='ocrx_word' id='word_1_40' title='bbox 122 812 243 898; x_wconf 80' lang='grc' dir='ltr'><strong><em>5ραιάν</em></strong></span> <span class='ocrx_word' id='word_1_41' title='bbox 264 817 341 895; x_wconf 89' lang='grc' dir='ltr'><strong><em>μιάν</em></strong></span> <span class='ocrx_word' id='word_1_42' title='bbox 373 820 597 902; x_wconf 80' lang='grc' dir='ltr'><strong><em>παραδραμεῖν</em></strong></span> <span class='ocrx_word' id='word_1_43' title='bbox 629 817 685 881; x_wconf 73' lang='lat' dir='ltr'>osis</span> <span class='ocrx_word' id='word_1_44' title='bbox 705 817 856 901; x_wconf 73' lang='grc' dir='ltr'><strong><em>α’ζῆμιον,</em></strong></span> <span class='ocrx_word' id='word_1_45' title='bbox 879 809 958 880; x_wconf 75' lang='grc' dir='ltr'><strong><em>(ἐστι</em></strong></span> <span class='ocrx_word' id='word_1_46' title='bbox 987 812 1089 880; x_wconf 88' lang='grc' dir='ltr'><strong><em>πάντα</em></strong></span> <span class='ocrx_word' id='word_1_47' title='bbox 1120 817 1246 898; x_wconf 88' lang='grc' dir='ltr'><strong><em>διερευ-</em></strong></span> 
     </span>
     <span class='ocr_line' id='line_1_7' title="bbox 148 912 1310 1042; baseline 0.003 -66"><span class='ocrx_word' id='word_1_48' title='bbox 148 917 269 980; x_wconf 86' lang='grc' dir='ltr'><strong><em>νοῖσθαι</em></strong></span> <span class='ocrx_word' id='word_1_49' title='bbox 282 917 380 1042; x_wconf 76' lang='grc' dir='ltr'><strong><em>χρὴ.”</em></strong></span> <span class='ocrx_word' id='word_1_50' title='bbox 434 914 567 1000; x_wconf 70' lang='grc' dir='ltr'><strong><em>α’κὴκοας</em></strong></span> <span class='ocrx_word' id='word_1_51' title='bbox 595 921 626 981; x_wconf 88' lang='grc' dir='ltr'><strong><em>δ’</em></strong></span> <span class='ocrx_word' id='word_1_52' title='bbox 653 912 744 1000; x_wconf 77' lang='grc' dir='ltr'><strong><em>οἶμαι</em></strong></span> <span class='ocrx_word' id='word_1_53' title='bbox 772 913 833 1002; x_wconf 85' lang='grc' dir='ltr'><strong><em>πρά</em></strong></span> <span class='ocrx_word' id='word_1_54' title='bbox 863 916 1001 1041; x_wconf 74' lang='grc' dir='ltr'><strong><em>βραχέος</em></strong></span> <span class='ocrx_word' id='word_1_55' title='bbox 1031 917 1175 1037; x_wconf 65' lang='grc' dir='ltr'><strong><em>ἐνταῦθα</em></strong></span> <span class='ocrx_word' id='word_1_56' title='bbox 1193 913 1247 980; x_wconf 84' lang='grc' dir='ltr'><strong><em>καί</em></strong></span> <span class='ocrx_word' id='word_1_57' title='bbox 1306 921 1310 928; x_wconf 91' lang='grc'><strong>’</strong></span> 
     </span>
     <span class='ocr_line' id='line_1_8' title="bbox 76 1013 1247 1108; baseline -0.001 -27"><span class='ocrx_word' id='word_1_58' title='bbox 76 1083 80 1088; x_wconf 17' lang='grc' dir='ltr'><strong>Α</strong></span> <span class='ocrx_word' id='word_1_59' title='bbox 149 1019 180 1081; x_wconf 90' lang='grc' dir='ltr'>Γ</span> <span class='ocrx_word' id='word_1_60' title='bbox 179 1018 327 1102; x_wconf 85' lang='grc' dir='ltr'><strong><em>ρηγοριυυ</em></strong></span> <span class='ocrx_word' id='word_1_61' title='bbox 349 1022 408 1084; x_wconf 80' lang='grc' dir='ltr'><strong><em>τοῦ</em></strong></span> <span class='ocrx_word' id='word_1_62' title='bbox 430 1017 588 1103; x_wconf 77' lang='grc' dir='ltr'><strong><em>Νάσσηςι</em></strong></span> <span class='ocrx_word' id='word_1_63' title='bbox 588 1015 656 1084; x_wconf 67' lang='grc' dir='ltr'><strong><em>’διά</em></strong></span> <span class='ocrx_word' id='word_1_64' title='bbox 680 1019 717 1085; x_wconf 83' lang='grc' dir='ltr'><strong><em>ιδ</em></strong></span> <span class='ocrx_word' id='word_1_65' title='bbox 741 1025 783 1108; x_wconf 80' lang='grc' dir='ltr'><strong><em>τῇ</em></strong></span> <span class='ocrx_word' id='word_1_66' title='bbox 803 1016 955 1105; x_wconf 76' lang='grc' dir='ltr'><strong><em>σαρκάνῃ”</em></strong></span> <span class='ocrx_word' id='word_1_67' title='bbox 977 1013 1175 1103; x_wconf 46' lang='grc' dir='ltr'><strong><em>φάσκοντος(</em></strong></span> <span class='ocrx_word' id='word_1_68' title='bbox 1177 1013 1247 1081; x_wconf 77' lang='lat' dir='ltr'><strong><em>‘nr-</em></strong></span> 
     </span>
     <span class='ocr_line' id='line_1_9' title="bbox 148 1117 1247 1223; baseline 0.002 -43"><span class='ocrx_word' id='word_1_69' title='bbox 148 1120 261 1204; x_wconf 77' lang='grc' dir='ltr'><strong><em>ριβυλῇ</em></strong></span> <span class='ocrx_word' id='word_1_70' title='bbox 282 1119 340 1201; x_wconf 81' lang='grc' dir='ltr'><strong><em>τὴν</em></strong></span> <span class='ocrx_word' id='word_1_71' title='bbox 361 1145 461 1204; x_wconf 92' lang='grc' dir='ltr'><strong><em>φυσιν</em></strong></span> <span class='ocrx_word' id='word_1_72' title='bbox 473 1147 564 1204; x_wconf 80' lang='grc' dir='ltr'><strong><em>ημων</em></strong></span> <span class='ocrx_word' id='word_1_73' title='bbox 578 1120 819 1205; x_wconf 85' lang='grc' dir='ltr'><strong><em>περιειργεσθαι</em></strong></span> <span class='ocrx_word' id='word_1_74' title='bbox 834 1122 1063 1203; x_wconf 75' lang='grc' dir='ltr'><strong><em>φανερωθῆναι</em></strong></span> <span class='ocrx_word' id='word_1_75' title='bbox 1084 1123 1145 1184; x_wconf 74' lang='grc' dir='ltr'><strong><em>τῶν</em></strong></span> <span class='ocrx_word' id='word_1_76' title='bbox 1167 1117 1247 1223; x_wconf 81' lang='grc' dir='ltr'><strong><em>ἦμε·</em></strong></span> 
     </span>
     <span class='ocr_line' id='line_1_10' title="bbox 123 1211 1247 1307; baseline 0 -24"><span class='ocrx_word' id='word_1_77' title='bbox 123 1221 249 1302; x_wconf 82' lang='grc' dir='ltr'><strong><em>τέρων</em></strong></span> <span class='ocrx_word' id='word_1_78' title='bbox 270 1243 326 1290; x_wconf 84' lang='grc' dir='ltr'><strong><em>του</em></strong></span> <span class='ocrx_word' id='word_1_79' title='bbox 352 1222 408 1285; x_wconf 81' lang='grc' dir='ltr'><strong><em>νοῦ</em></strong></span> <span class='ocrx_word' id='word_1_80' title='bbox 438 1223 619 1305; x_wconf 80' lang='grc' dir='ltr'><strong><em>κινημάτων</em></strong></span> <span class='ocrx_word' id='word_1_81' title='bbox 640 1221 685 1307; x_wconf 70' lang='grc' dir='ltr'><strong><em>μὴ</em></strong></span> <span class='ocrx_word' id='word_1_82' title='bbox 710 1224 917 1303; x_wconf 74' lang='grc' dir='ltr'><strong><em>δυναμένων,</em></strong></span> <span class='ocrx_word' id='word_1_83' title='bbox 941 1215 1119 1302; x_wconf 75' lang='grc' dir='ltr'><strong><em>ἀναγκαίως</em></strong></span> <span class='ocrx_word' id='word_1_84' title='bbox 1141 1211 1247 1283; x_wconf 83' lang='grc' dir='ltr'><strong><em>καθά-</em></strong></span> 
     </span>
     <span class='ocr_line' id='line_1_11' title="bbox 104 1319 1246 1404; baseline 0.002 -23"><span class='ocrx_word' id='word_1_85' title='bbox 104 1328 207 1403; x_wconf 83' lang='grc' dir='ltr'><strong><em>1οπερ</em></strong></span> <span class='ocrx_word' id='word_1_86' title='bbox 228 1328 344 1402; x_wconf 81' lang='grc' dir='ltr'><strong><em>σημεῖα</em></strong></span> <span class='ocrx_word' id='word_1_87' title='bbox 373 1328 436 1396; x_wconf 89' lang='grc' dir='ltr'><strong><em>τοῖς</em></strong></span> <span class='ocrx_word' id='word_1_88' title='bbox 467 1323 634 1404; x_wconf 91' lang='grc' dir='ltr'><strong><em>πράγμασι</em></strong></span> <span class='ocrx_word' id='word_1_89' title='bbox 659 1320 722 1397; x_wconf 81' lang='grc' dir='ltr'><strong><em>τὰς</em></strong></span> <span class='ocrx_word' id='word_1_90' title='bbox 753 1319 846 1396; x_wconf 86' lang='grc' dir='ltr'><strong><em>ποιάς</em></strong></span> <span class='ocrx_word' id='word_1_91' title='bbox 875 1325 937 1387; x_wconf 83' lang='grc' dir='ltr'><strong><em>τιδν</em></strong></span> <span class='ocrx_word' id='word_1_92' title='bbox 958 1319 1117 1399; x_wconf 73' lang='grc' dir='ltr'><strong><em>ὀνομάτων</em></strong></span> <span class='ocrx_word' id='word_1_93' title='bbox 1139 1322 1246 1396; x_wconf 85' lang='grc' dir='ltr'><strong><em>θδσεις</em></strong></span> 
     </span>
     <span class='ocr_line' id='line_1_12' title="bbox 150 1416 1403 1506; baseline 0.003 -22"><span class='ocrx_word' id='word_1_94' title='bbox 150 1421 382 1503; x_wconf 78' lang='grc' dir='ltr'><strong><em>ἐπιβάλλοντες,</em></strong></span> <span class='ocrx_word' id='word_1_95' title='bbox 404 1424 446 1485; x_wconf 88' lang='grc' dir='ltr'><strong><em>δι’</em></strong></span> <span class='ocrx_word' id='word_1_96' title='bbox 470 1425 597 1488; x_wconf 79' lang='grc' dir='ltr'><strong><em>ἐκείνων</em></strong></span> <span class='ocrx_word' id='word_1_97' title='bbox 618 1421 677 1497; x_wconf 88' lang='grc' dir='ltr'><strong><em>τάς</em></strong></span> <span class='ocrx_word' id='word_1_98' title='bbox 700 1426 756 1488; x_wconf 83' lang='grc' dir='ltr'><strong><em>τοῦ</em></strong></span> <span class='ocrx_word' id='word_1_99' title='bbox 777 1425 837 1486; x_wconf 75' lang='grc' dir='ltr'><strong><em>νεά</em></strong></span> <span class='ocrx_word' id='word_1_100' title='bbox 859 1416 996 1504; x_wconf 78' lang='grc' dir='ltr'><strong><em>κινήσεις</em></strong></span> <span class='ocrx_word' id='word_1_101' title='bbox 1018 1418 1167 1502; x_wconf 77' lang='grc' dir='ltr'><strong><em>άλλήλυις</em></strong></span> <span class='ocrx_word' id='word_1_102' title='bbox 1189 1423 1247 1506; x_wconf 77' lang='grc' dir='ltr'><strong><em>διγ-</em></strong></span> <span class='ocrx_word' id='word_1_103' title='bbox 1393 1461 1403 1488; x_wconf 64' lang='grc' dir='ltr'><strong><em>ι</em></strong></span> 
     </span>
     <span class='ocr_line' id='line_1_13' title="bbox 148 1511 1255 1609; baseline 0.005 -28"><span class='ocrx_word' id='word_1_104' title='bbox 148 1517 338 1601; x_wconf 90' lang='grc' dir='ltr'><strong><em>μοοιεάομεν</em></strong></span> <span class='ocrx_word' id='word_1_105' title='bbox 351 1548 364 1567; x_wconf 69' lang='lat'><strong><em>·›</em></strong></span> <span class='ocrx_word' id='word_1_106' title='bbox 403 1525 457 1586; x_wconf 99' lang='grc' dir='ltr'><strong><em>καί</em></strong></span> <span class='ocrx_word' id='word_1_107' title='bbox 476 1522 588 1587; x_wconf 81' lang='grc' dir='ltr'><strong><em>τούτου</em></strong></span> <span class='ocrx_word' id='word_1_108' title='bbox 609 1519 708 1605; x_wconf 92' lang='grc' dir='ltr'><strong><em>χάριν</em></strong></span> <span class='ocrx_word' id='word_1_109' title='bbox 728 1525 771 1609; x_wconf 75' lang='grc' dir='ltr'><strong><em>τῷ</em></strong></span> <span class='ocrx_word' id='word_1_110' title='bbox 785 1525 845 1603; x_wconf 84' lang='grc' dir='ltr'><strong><em>μέν</em></strong></span> <span class='ocrx_word' id='word_1_111' title='bbox 864 1544 926 1585; x_wconf 91' lang='grc' dir='ltr'><strong><em>τινι</em></strong></span> <span class='ocrx_word' id='word_1_112' title='bbox 947 1523 1008 1585; x_wconf 83' lang='grc' dir='ltr'><strong><em>τάν</em></strong></span> <span class='ocrx_word' id='word_1_113' title='bbox 1027 1512 1127 1583; x_wconf 78' lang='grc' dir='ltr'><strong><em>ὄντων</em></strong></span> <span class='ocrx_word' id='word_1_114' title='bbox 1148 1511 1255 1606; x_wconf 80' lang='grc' dir='ltr'><strong><em>ὄνομαΙ</em></strong></span> 
     </span>
     <span class='ocr_line' id='line_1_14' title="bbox 149 1614 1442 1711; baseline 0.007 -29"><span class='ocrx_word' id='word_1_115' title='bbox 149 1619 284 1705; x_wconf 82' lang='grc' dir='ltr'><strong><em>οδρανδν</em></strong></span> <span class='ocrx_word' id='word_1_116' title='bbox 306 1624 472 1705; x_wconf 76' lang='grc' dir='ltr'><strong><em>ἐθέμεθα,</em></strong></span> <span class='ocrx_word' id='word_1_117' title='bbox 495 1620 590 1711; x_wconf 71' lang='grc' dir='ltr'><strong><em>ἑτάρῳ</em></strong></span> <span class='ocrx_word' id='word_1_118' title='bbox 624 1627 659 1687; x_wconf 84' lang='grc' dir='ltr'><strong><em>δέ</em></strong></span> <span class='ocrx_word' id='word_1_119' title='bbox 681 1629 738 1706; x_wconf 79' lang='grc' dir='ltr'><strong><em>γῆν</em></strong></span> <span class='ocrx_word' id='word_1_120' title='bbox 763 1627 815 1686; x_wconf 79' lang='grc' dir='ltr'><strong><em>καὶ</em></strong></span> <span class='ocrx_word' id='word_1_121' title='bbox 840 1615 924 1709; x_wconf 83' lang='grc' dir='ltr'><strong><em>άλλφ</em></strong></span> <span class='ocrx_word' id='word_1_122' title='bbox 947 1614 1022 1685; x_wconf 77' lang='grc' dir='ltr'><strong><em>ἄλλο</em></strong></span> <span class='ocrx_word' id='word_1_123' title='bbox 1043 1645 1093 1685; x_wconf 92' lang='grc' dir='ltr'><strong><em>τι.</em></strong></span> <span class='ocrx_word' id='word_1_124' title='bbox 1137 1621 1191 1685; x_wconf 93' lang='grc' dir='ltr'><strong><em>καί</em></strong></span> <span class='ocrx_word' id='word_1_125' title='bbox 1210 1615 1366 1692; x_wconf 63' lang='lat' dir='ltr'>simiis.</span> <span class='ocrx_word' id='word_1_126' title='bbox 1439 1649 1442 1654; x_wconf 79' lang='grc'><em>“</em></span> 
     </span>
     <span class='ocr_line' id='line_1_15' title="bbox 149 1717 1246 1807; baseline 0.003 -21"><span class='ocrx_word' id='word_1_127' title='bbox 149 1725 229 1807; x_wconf 89' lang='grc' dir='ltr'><strong><em>πρός</em></strong></span> <span class='ocrx_word' id='word_1_128' title='bbox 248 1748 279 1787; x_wconf 91' lang='grc' dir='ltr'><strong><em>τι</em></strong></span> <span class='ocrx_word' id='word_1_129' title='bbox 300 1728 367 1800; x_wconf 80' lang='grc' dir='ltr'><strong><em>παῖς</em></strong></span> <span class='ocrx_word' id='word_1_130' title='bbox 389 1721 474 1806; x_wconf 80' lang='grc' dir='ltr'><strong><em>ἐχειν</em></strong></span> <span class='ocrx_word' id='word_1_131' title='bbox 495 1720 517 1807; x_wconf 72' lang='grc' dir='ltr'><em>ἢ</em></span> <span class='ocrx_word' id='word_1_132' title='bbox 537 1722 573 1789; x_wconf 88' lang='grc' dir='ltr'><strong><em>τδ</em></strong></span> <span class='ocrx_word' id='word_1_133' title='bbox 596 1728 734 1807; x_wconf 79' lang='grc' dir='ltr'><strong><em>ἐνεργεῖν</em></strong></span> <span class='ocrx_word' id='word_1_134' title='bbox 758 1717 778 1805; x_wconf 78' lang='grc' dir='ltr'><em>ἢ</em></span> <span class='ocrx_word' id='word_1_135' title='bbox 797 1722 831 1787; x_wconf 83' lang='grc' dir='ltr'><strong><em>ιδ</em></strong></span> <span class='ocrx_word' id='word_1_136' title='bbox 853 1724 998 1804; x_wconf 86' lang='grc' dir='ltr'><strong><em>πάσχειν,</em></strong></span> <span class='ocrx_word' id='word_1_137' title='bbox 1018 1723 1118 1787; x_wconf 79' lang='grc' dir='ltr'><strong><em>τοῦτα</em></strong></span> <span class='ocrx_word' id='word_1_138' title='bbox 1142 1719 1246 1789; x_wconf 85' lang='grc' dir='ltr'><strong><em>πάντα</em></strong></span> 
     </span>
     <span class='ocr_line' id='line_1_16' title="bbox 106 1818 1247 1911; baseline 0 -23"><span class='ocrx_word' id='word_1_139' title='bbox 106 1837 139 1890; x_wconf 87' lang='grc'><strong><em>15</em></strong></span> <span class='ocrx_word' id='word_1_140' title='bbox 148 1823 350 1902; x_wconf 74' lang='grc' dir='ltr'><strong><em>ἰδιαζούσαις</em></strong></span> <span class='ocrx_word' id='word_1_141' title='bbox 373 1826 652 1909; x_wconf 85' lang='grc' dir='ltr'><strong><em>ἐπισημαινόμεθα</em></strong></span> <span class='ocrx_word' id='word_1_142' title='bbox 675 1835 746 1900; x_wconf 88' lang='grc' dir='ltr'><strong><em>ταῖς</em></strong></span> <span class='ocrx_word' id='word_1_143' title='bbox 769 1832 900 1911; x_wconf 80' lang='grc' dir='ltr'><strong><em>φωναῖς,</em></strong></span> <span class='ocrx_word' id='word_1_144' title='bbox 923 1823 964 1898; x_wconf 87' lang='grc' dir='ltr'><strong><em>ιδς</em></strong></span> <span class='ocrx_word' id='word_1_145' title='bbox 985 1818 1024 1886; x_wconf 81' lang='grc' dir='ltr'><strong><em>άν</em></strong></span> <span class='ocrx_word' id='word_1_146' title='bbox 1044 1823 1089 1906; x_wconf 72' lang='grc' dir='ltr'><strong><em>μὴ</em></strong></span> <span class='ocrx_word' id='word_1_147' title='bbox 1113 1821 1247 1889; x_wconf 81' lang='grc' dir='ltr'><strong><em>άκοινιδ-</em></strong></span> 
     </span>
     <span class='ocr_line' id='line_1_17' title="bbox 48 1918 1250 2010; baseline 0.003 -23"><span class='ocrx_word' id='word_1_148' title='bbox 48 1956 52 1964; x_wconf 77' lang='lat'><em>,</em></span> <span class='ocrx_word' id='word_1_149' title='bbox 149 1923 242 2008; x_wconf 80' lang='grc' dir='ltr'><strong><em>νητός</em></strong></span> <span class='ocrx_word' id='word_1_150' title='bbox 274 1945 311 1990; x_wconf 81' lang='grc' dir='ltr'><strong><em>τε</em></strong></span> <span class='ocrx_word' id='word_1_151' title='bbox 346 1928 400 1990; x_wconf 94' lang='grc' dir='ltr'><strong><em>καί</em></strong></span> <span class='ocrx_word' id='word_1_152' title='bbox 428 1918 584 2010; x_wconf 79' lang='grc' dir='ltr'><strong><em>άγνωστος</em></strong></span> <span class='ocrx_word' id='word_1_153' title='bbox 617 1925 636 2010; x_wconf 79' lang='grc' dir='ltr'><em>ἦ</em></span> <span class='ocrx_word' id='word_1_154' title='bbox 665 1928 723 1991; x_wconf 80' lang='grc' dir='ltr'><strong><em>τοῦ</em></strong></span> <span class='ocrx_word' id='word_1_155' title='bbox 743 1929 799 1988; x_wconf 86' lang='grc' dir='ltr'><strong><em>νοῦ</em></strong></span> <span class='ocrx_word' id='word_1_156' title='bbox 829 1925 949 2010; x_wconf 82' lang='grc' dir='ltr'><strong><em>κε’νηοις</em></strong></span> <span class='ocrx_word' id='word_1_157' title='bbox 970 1926 1002 1988; x_wconf 89' lang='grc' dir='ltr'><strong><em>ἐν</em></strong></span> <span class='ocrx_word' id='word_1_158' title='bbox 1033 1920 1108 2008; x_wconf 77' lang='grc' dir='ltr'><strong><em>ἧμῖν</em></strong></span> <span class='ocrx_word' id='word_1_159' title='bbox 1129 1922 1250 2008; x_wconf 87' lang='grc' dir='ltr'><strong><em>μένοι.”</em></strong></span> 
     </span>
     <span class='ocr_line' id='line_1_18' title="bbox 105 2017 1314 2120; baseline 0.002 -32"><span class='ocrx_word' id='word_1_160' title='bbox 105 2107 109 2120; x_wconf 33' lang='lat'>⁸</span> <span class='ocrx_word' id='word_1_161' title='bbox 150 2017 255 2100; x_wconf 84' lang='grc' dir='ltr'><strong><em>άλλως</em></strong></span> <span class='ocrx_word' id='word_1_162' title='bbox 275 2051 310 2090; x_wconf 87' lang='grc' dir='ltr'><strong><em>τε</em></strong></span> <span class='ocrx_word' id='word_1_163' title='bbox 330 2027 385 2090; x_wconf 80' lang='grc' dir='ltr'><strong><em>κατ’</em></strong></span> <span class='ocrx_word' id='word_1_164' title='bbox 408 2026 578 2110; x_wconf 77' lang='grc' dir='ltr'><strong><em>ἐπειδήπερ</em></strong></span> <span class='ocrx_word' id='word_1_165' title='bbox 613 2019 735 2100; x_wconf 82' lang='grc' dir='ltr'><strong><em>άπαςδ</em></strong></span> <span class='ocrx_word' id='word_1_166' title='bbox 763 2027 827 2090; x_wconf 76' lang='grc' dir='ltr'><strong><em>τῶν</em></strong></span> <span class='ocrx_word' id='word_1_167' title='bbox 851 2023 1032 2108; x_wconf 77' lang='grc' dir='ltr'><strong><em>ἀνθρώπων</em></strong></span> <span class='ocrx_word' id='word_1_168' title='bbox 1062 2029 1130 2107; x_wconf 74' lang='grc' dir='ltr'><strong><em>βίος</em></strong></span> <span class='ocrx_word' id='word_1_169' title='bbox 1149 2024 1314 2111; x_wconf 67' lang='grc' dir='ltr'><strong><em>φάσειῑι</em></strong></span> 
     </span>
     <span class='ocr_line' id='line_1_19' title="bbox 150 2125 1247 2213; baseline -0.001 -23"><span class='ocrx_word' id='word_1_170' title='bbox 150 2127 205 2190; x_wconf 80' lang='grc' dir='ltr'><strong><em>καδ</em></strong></span> <span class='ocrx_word' id='word_1_171' title='bbox 226 2128 332 2207; x_wconf 82' lang='grc' dir='ltr'><strong><em>νόμοις</em></strong></span> <span class='ocrx_word' id='word_1_172' title='bbox 353 2136 417 2203; x_wconf 92' lang='grc' dir='ltr'><strong><em>τοῖς</em></strong></span> <span class='ocrx_word' id='word_1_173' title='bbox 443 2125 495 2191; x_wconf 89' lang='grc' dir='ltr'><strong><em>διά</em></strong></span> <span class='ocrx_word' id='word_1_174' title='bbox 521 2128 672 2213; x_wconf 79' lang='grc' dir='ltr'><strong><em>ῥημάτων</em></strong></span> <span class='ocrx_word' id='word_1_175' title='bbox 686 2152 719 2193; x_wconf 89' lang='grc' dir='ltr'><strong><em>τε</em></strong></span> <span class='ocrx_word' id='word_1_176' title='bbox 741 2127 797 2190; x_wconf 74' lang='grc' dir='ltr'><strong><em>κατ’</em></strong></span> <span class='ocrx_word' id='word_1_177' title='bbox 815 2125 1013 2210; x_wconf 81' lang='grc' dir='ltr'><strong><em>γραμμάτων</em></strong></span> <span class='ocrx_word' id='word_1_178' title='bbox 1036 2130 1247 2206; x_wconf 85' lang='grc' dir='ltr'><strong><em>οἰκονομεῖται</em></strong></span> 
     </span>
     <span class='ocr_line' id='line_1_20' title="bbox 150 2221 1249 2313; baseline -0.001 -22"><span class='ocrx_word' id='word_1_179' title='bbox 150 2226 206 2291; x_wconf 82' lang='grc' dir='ltr'><strong><em>καί</em></strong></span> <span class='ocrx_word' id='word_1_180' title='bbox 225 2230 399 2311; x_wconf 80' lang='grc' dir='ltr'><strong><em>διοικεῖται,</em></strong></span> <span class='ocrx_word' id='word_1_181' title='bbox 423 2228 510 2311; x_wconf 79' lang='grc' dir='ltr'><strong><em>καί-ἦ</em></strong></span> <span class='ocrx_word' id='word_1_182' title='bbox 534 2224 714 2313; x_wconf 71' lang='grc' dir='ltr'><strong><em>μέν,φο’σις</em></strong></span> <span class='ocrx_word' id='word_1_183' title='bbox 739 2221 874 2290; x_wconf 76' lang='grc' dir='ltr'><strong><em>ἄτακτον</em></strong></span> <span class='ocrx_word' id='word_1_184' title='bbox 895 2225 949 2289; x_wconf 81' lang='grc' dir='ltr'><strong><em>καί</em></strong></span> <span class='ocrx_word' id='word_1_185' title='bbox 971 2221 1150 2306; x_wconf 83' lang='grc' dir='ltr'><strong><em>ἐνάμαλον,</em></strong></span> <span class='ocrx_word' id='word_1_186' title='bbox 1172 2225 1188 2289; x_wconf 82' lang='grc' dir='ltr'><em>ὃ</em></span> <span class='ocrx_word' id='word_1_187' title='bbox 1213 2228 1249 2290; x_wconf 81' lang='grc' dir='ltr'><strong><em>δέ</em></strong></span> 
     </span>
     <span class='ocr_line' id='line_1_21' title="bbox 106 2319 1249 2443; baseline -0.007 -45"><span class='ocrx_word' id='word_1_188' title='bbox 106 2324 245 2409; x_wconf 70' lang='lat' dir='ltr'>sosium</span> <span class='ocrx_word' id='word_1_189' title='bbox 265 2319 431 2412; x_wconf 80' lang='grc' dir='ltr'><strong><em>εδρυθμδν</em></strong></span> <span class='ocrx_word' id='word_1_190' title='bbox 453 2353 484 2393; x_wconf 88' lang='grc' dir='ltr'><strong><em>τε</em></strong></span> <span class='ocrx_word' id='word_1_191' title='bbox 507 2333 562 2392; x_wconf 86' lang='grc' dir='ltr'><strong><em>καί</em></strong></span> <span class='ocrx_word' id='word_1_192' title='bbox 588 2331 775 2409; x_wconf 81' lang='grc' dir='ltr'><strong><em>τεταγμένον</em></strong></span> <span class='ocrx_word' id='word_1_193' title='bbox 799 2330 853 2390; x_wconf 85' lang='grc' dir='ltr'><strong><em>καί</em></strong></span> <span class='ocrx_word' id='word_1_194' title='bbox 872 2325 1015 2443; x_wconf 76' lang='grc' dir='ltr'><strong><em>δμαλδν,</em></strong></span> <span class='ocrx_word' id='word_1_195' title='bbox 1037 2326 1067 2390; x_wconf 91' lang='grc' dir='ltr'><strong><em>ει</em></strong></span> <span class='ocrx_word' id='word_1_196' title='bbox 1086 2329 1138 2392; x_wconf 80' lang='grc' dir='ltr'><strong><em>σοι’</em></strong></span> <span class='ocrx_word' id='word_1_197' title='bbox 1160 2350 1249 2391; x_wconf 90' lang='grc' dir='ltr'><strong><em>πεισ-</em></strong></span> 
     </span>
     <span class='ocr_line' id='line_1_22' title="bbox 151 2425 1248 2554; baseline 0 -61"><span class='ocrx_word' id='word_1_198' title='bbox 151 2430 302 2503; x_wconf 83' lang='grc' dir='ltr'><strong><em>θέντες’</em></strong></span> <span class='ocrx_word' id='word_1_199' title='bbox 279 2437 451 2527; x_wconf 87' lang='grc' dir='ltr'><strong><em>απρακτεῖν</em></strong></span> <span class='ocrx_word' id='word_1_200' title='bbox 470 2428 625 2511; x_wconf 86' lang='grc' dir='ltr'><strong><em>ἐάσαιμεν</em></strong></span> <span class='ocrx_word' id='word_1_201' title='bbox 644 2429 702 2510; x_wconf 75' lang='grc' dir='ltr'><strong><em>τὴν</em></strong></span> <span class='ocrx_word' id='word_1_202' title='bbox 722 2432 784 2493; x_wconf 79' lang='grc' dir='ltr'><strong><em>τῶν</em></strong></span> <span class='ocrx_word' id='word_1_203' title='bbox 807 2425 959 2554; x_wconf 80' lang='grc' dir='ltr'><strong><em>ρημάτων</em></strong></span> <span class='ocrx_word' id='word_1_204' title='bbox 980 2453 1032 2492; x_wconf 87' lang='grc' dir='ltr'><strong><em>και</em></strong></span> <span class='ocrx_word' id='word_1_205' title='bbox 1049 2429 1248 2511; x_wconf 89' lang='grc' dir='ltr'><strong><em>γραμμάτων</em></strong></span> 
     </span>
     <span class='ocr_line' id='line_1_23' title="bbox 150 2523 1248 2650; baseline 0.002 -60"><span class='ocrx_word' id='word_1_206' title='bbox 150 2527 296 2650; x_wconf 73' lang='grc' dir='ltr'><strong><em>δύναμιν,</em></strong></span> <span class='ocrx_word' id='word_1_207' title='bbox 317 2531 374 2593; x_wconf 84' lang='grc' dir='ltr'><strong><em>ουίι</em></strong></span> <span class='ocrx_word' id='word_1_208' title='bbox 398 2525 748 2618; x_wconf 85' lang='grc' dir='ltr'><strong><em>άνφθάνοιμενκωφὸν</em></strong></span> <span class='ocrx_word' id='word_1_209' title='bbox 772 2556 824 2596; x_wconf 88' lang='grc' dir='ltr'><strong><em>και</em></strong></span> <span class='ocrx_word' id='word_1_210' title='bbox 847 2530 982 2612; x_wconf 89' lang='grc' dir='ltr'><strong><em>μάταιον</em></strong></span> <span class='ocrx_word' id='word_1_211' title='bbox 1007 2523 1248 2604; x_wconf 85' lang='grc' dir='ltr'><strong><em>άποδεικνδντες</em></strong></span> 
     </span>
     <span class='ocr_line' id='line_1_24' title="bbox 103 2626 1250 2717; baseline 0 -23"><span class='ocrx_word' id='word_1_212' title='bbox 103 2635 109 2659; x_wconf 66' lang='lat'>¹</span> <span class='ocrx_word' id='word_1_213' title='bbox 151 2626 206 2716; x_wconf 62' lang='grc' dir='ltr'><strong><em>τὴν</em></strong></span> <span class='ocrx_word' id='word_1_214' title='bbox 224 2627 390 2716; x_wconf 85' lang='grc' dir='ltr'><strong><em>ἐγκδσμιον</em></strong></span> <span class='ocrx_word' id='word_1_215' title='bbox 415 2630 531 2717; x_wconf 74' lang='grc' dir='ltr'><strong><em>ταύτην</em></strong></span> <span class='ocrx_word' id='word_1_216' title='bbox 566 2657 619 2698; x_wconf 85' lang='grc' dir='ltr'><strong><em>και</em></strong></span> <span class='ocrx_word' id='word_1_217' title='bbox 652 2631 842 2714; x_wconf 78' lang='grc' dir='ltr'><strong><em>θαυμασίαν</em></strong></span> <span class='ocrx_word' id='word_1_218' title='bbox 872 2633 999 2716; x_wconf 78' lang='grc' dir='ltr'><strong><em>ποτ’γσιν</em></strong></span> <span class='ocrx_word' id='word_1_219' title='bbox 1017 2653 1073 2696; x_wconf 92' lang='grc' dir='ltr'><strong><em>του</em></strong></span> <span class='ocrx_word' id='word_1_220' title='bbox 1060 2629 1172 2694; x_wconf 79' lang='grc' dir='ltr'><strong><em>θεοῦ</em></strong></span> <span class='ocrx_word' id='word_1_221' title='bbox 1195 2632 1250 2694; x_wconf 87' lang='grc' dir='ltr'><strong><em>και</em></strong></span> 
     </span>
    </p>
   </div>
   <div class='ocr_carea' id='block_1_3' title="bbox 50 2934 1308 4221">
    <p class='ocr_par' dir='ltr' id='par_1_3' title="bbox 151 2934 1306 3435">
     <span class='ocr_line' id='line_1_25' title="bbox 151 2934 1247 3007; baseline 0.001 -18"><span class='ocrx_word' id='word_1_222' title='bbox 151 2937 206 2990; x_wconf 83' lang='lat' dir='ltr'>luna</span> <span class='ocrx_word' id='word_1_223' title='bbox 228 2939 264 2990; x_wconf 85' lang='lat' dir='ltr'>sit</span> <span class='ocrx_word' id='word_1_224' title='bbox 289 2939 318 2991; x_wconf 90' lang='lat' dir='ltr'><strong><em>in</em></strong></span> <span class='ocrx_word' id='word_1_225' title='bbox 337 2938 466 2990; x_wconf 88' lang='lat' dir='ltr'>demendo</span> <span class='ocrx_word' id='word_1_226' title='bbox 477 2939 578 3007; x_wconf 77' lang='lat' dir='ltr'>aliquid</span> <span class='ocrx_word' id='word_1_227' title='bbox 597 2946 642 2992; x_wconf 82' lang='lat' dir='ltr'>aut</span> <span class='ocrx_word' id='word_1_228' title='bbox 659 2939 779 2992; x_wconf 77' lang='lat' dir='ltr'>audendo</span> <span class='ocrx_word' id='word_1_229' title='bbox 790 2939 824 2990; x_wconf 86' lang='lat' dir='ltr'>iis</span> <span class='ocrx_word' id='word_1_230' title='bbox 835 2953 903 3005; x_wconf 88' lang='lat' dir='ltr'>quae</span> <span class='ocrx_word' id='word_1_231' title='bbox 922 2934 1046 3003; x_wconf 84' lang='lat' dir='ltr'>aspiritu</span> <span class='ocrx_word' id='word_1_232' title='bbox 1063 2934 1157 2990; x_wconf 82' lang='lat' dir='ltr'>traditu</span> <span class='ocrx_word' id='word_1_233' title='bbox 1176 2941 1247 3002; x_wconf 84' lang='lat' dir='ltr'>sunt,</span> 
     </span>
     <span class='ocr_line' id='line_1_26' title="bbox 153 3007 1306 3076; baseline -0.005 -15"><span class='ocrx_word' id='word_1_234' title='bbox 153 3025 207 3061; x_wconf 94' lang='lat' dir='ltr'><strong><em>non</em></strong></span> <span class='ocrx_word' id='word_1_235' title='bbox 228 3025 262 3061; x_wconf 87' lang='lat' dir='ltr'><strong><em>ex</em></strong></span> <span class='ocrx_word' id='word_1_236' title='bbox 286 3025 317 3062; x_wconf 87' lang='lat' dir='ltr'>se</span> <span class='ocrx_word' id='word_1_237' title='bbox 337 3011 444 3060; x_wconf 87' lang='lat' dir='ltr'>studere</span> <span class='ocrx_word' id='word_1_238' title='bbox 470 3027 514 3061; x_wconf 86' lang='lat' dir='ltr'>res</span> <span class='ocrx_word' id='word_1_239' title='bbox 542 3026 625 3063; x_wconf 88' lang='lat' dir='ltr'>novas</span> <span class='ocrx_word' id='word_1_240' title='bbox 643 3011 733 3062; x_wconf 85' lang='lat' dir='ltr'>moliri</span> <span class='ocrx_word' id='word_1_241' title='bbox 760 3011 805 3062; x_wconf 92' lang='lat' dir='ltr'>sed</span> <span class='ocrx_word' id='word_1_242' title='bbox 831 3010 911 3060; x_wconf 87' lang='lat' dir='ltr'>iniis</span> <span class='ocrx_word' id='word_1_243' title='bbox 931 3023 999 3076; x_wconf 86' lang='lat' dir='ltr'>quae</span> <span class='ocrx_word' id='word_1_244' title='bbox 1022 3025 1039 3060; x_wconf 86' lang='lat' dir='ltr'>a</span> <span class='ocrx_word' id='word_1_245' title='bbox 1059 3007 1248 3060; x_wconf 69' lang='lat' dir='ltr'>sanctis&#39;nun.</span> <span class='ocrx_word' id='word_1_246' title='bbox 1301 3066 1306 3076; x_wconf 37' lang='lat'>¹</span> 
     </span>
     <span class='ocr_line' id='line_1_27' title="bbox 153 3079 1248 3148; baseline 0.001 -18"><span class='ocrx_word' id='word_1_247' title='bbox 153 3083 222 3131; x_wconf 81' lang='lat' dir='ltr'>ciam</span> <span class='ocrx_word' id='word_1_248' title='bbox 241 3090 302 3132; x_wconf 89' lang='lat' dir='ltr'>sunt</span> <span class='ocrx_word' id='word_1_249' title='bbox 320 3082 503 3148; x_wconf 79' lang='lat' dir='ltr'>acquiescere.</span> <span class='ocrx_word' id='word_1_250' title='bbox 541 3083 744 3148; x_wconf 70' lang='lat' dir='ltr'>chrysostomus</span> <span class='ocrx_word' id='word_1_251' title='bbox 771 3089 859 3132; x_wconf 90' lang='lat' dir='ltr'>autem</span> <span class='ocrx_word' id='word_1_252' title='bbox 876 3079 1001 3131; x_wconf 88' lang='lat' dir='ltr'>similiter</span> <span class='ocrx_word' id='word_1_253' title='bbox 1019 3087 1045 3130; x_wconf 88' lang='lat' dir='ltr'><strong><em>et</em></strong></span> <span class='ocrx_word' id='word_1_254' title='bbox 1069 3080 1128 3146; x_wconf 89' lang='lat' dir='ltr'>ipse</span> <span class='ocrx_word' id='word_1_255' title='bbox 1152 3081 1180 3131; x_wconf 92' lang='lat' dir='ltr'>iu</span> <span class='ocrx_word' id='word_1_256' title='bbox 1205 3080 1248 3131; x_wconf 87' lang='lat' dir='ltr'><strong><em>di·</em></strong></span> 
     </span>
     <span class='ocr_line' id='line_1_28' title="bbox 153 3150 1247 3220; baseline -0.001 -17"><span class='ocrx_word' id='word_1_257' title='bbox 153 3152 240 3215; x_wconf 81' lang='lat' dir='ltr'>vinis,</span> <span class='ocrx_word' id='word_1_258' title='bbox 260 3153 361 3220; x_wconf 79' lang='lat' dir='ltr'>inquit,</span> <span class='ocrx_word' id='word_1_259' title='bbox 381 3154 521 3220; x_wconf 86' lang='lat' dir='ltr'>scripturis</span> <span class='ocrx_word' id='word_1_260' title='bbox 541 3170 620 3205; x_wconf 91' lang='lat' dir='ltr'>unum</span> <span class='ocrx_word' id='word_1_261' title='bbox 640 3156 759 3204; x_wconf 73' lang='lat' dir='ltr'>iota&#39;aut</span> <span class='ocrx_word' id='word_1_262' title='bbox 785 3167 863 3201; x_wconf 89' lang='lat' dir='ltr'>unum</span> <span class='ocrx_word' id='word_1_263' title='bbox 895 3152 996 3218; x_wconf 77' lang='lat' dir='ltr'><strong>apicem</strong></span> <span class='ocrx_word' id='word_1_264' title='bbox 1022 3150 1172 3219; x_wconf 76' lang='lat' dir='ltr'>negligere,</span> <span class='ocrx_word' id='word_1_265' title='bbox 1194 3165 1247 3202; x_wconf 86' lang='lat' dir='ltr'><strong><em>non</em></strong></span> 
     </span>
     <span class='ocr_line' id='line_1_29' title="bbox 154 3222 1246 3292; baseline -0.002 -18"><span class='ocrx_word' id='word_1_266' title='bbox 154 3231 195 3274; x_wconf 87' lang='lat' dir='ltr'>est</span> <span class='ocrx_word' id='word_1_267' title='bbox 214 3225 339 3290; x_wconf 88' lang='lat' dir='ltr'>impune,</span> <span class='ocrx_word' id='word_1_268' title='bbox 371 3225 407 3275; x_wconf 92' lang='lat' dir='ltr'><strong><em>ita</em></strong></span> <span class='ocrx_word' id='word_1_269' title='bbox 430 3232 459 3276; x_wconf 89' lang='lat' dir='ltr'>ut</span> <span class='ocrx_word' id='word_1_270' title='bbox 486 3226 514 3276; x_wconf 94' lang='lat' dir='ltr'><strong><em>in</em></strong></span> <span class='ocrx_word' id='word_1_271' title='bbox 540 3227 628 3276; x_wconf 87' lang='lat' dir='ltr'>omnia</span> <span class='ocrx_word' id='word_1_272' title='bbox 653 3225 791 3292; x_wconf 81' lang='lat' dir='ltr'>inquirere</span> <span class='ocrx_word' id='word_1_273' title='bbox 810 3222 960 3274; x_wconf 85' lang='lat' dir='ltr'>debeamus.</span> <span class='ocrx_word' id='word_1_274' title='bbox 1006 3222 1131 3275; x_wconf 76' lang='lat' dir='ltr'>audivisti</span> <span class='ocrx_word' id='word_1_275' title='bbox 1150 3230 1246 3286; x_wconf 88' lang='lat' dir='ltr'>antem,</span> 
     </span>
     <span class='ocr_line' id='line_1_30' title="bbox 153 3294 1248 3362; baseline -0.004 -15"><span class='ocrx_word' id='word_1_276' title='bbox 153 3296 266 3361; x_wconf 85' lang='lat' dir='ltr'>opinor,</span> <span class='ocrx_word' id='word_1_277' title='bbox 287 3296 366 3362; x_wconf 86' lang='lat' dir='ltr'>paulo</span> <span class='ocrx_word' id='word_1_278' title='bbox 386 3305 463 3348; x_wconf 86' lang='lat' dir='ltr'>sntea</span> <span class='ocrx_word' id='word_1_279' title='bbox 494 3296 537 3346; x_wconf 90' lang='lat' dir='ltr'><strong><em>hio</em></strong></span> <span class='ocrx_word' id='word_1_280' title='bbox 556 3299 636 3348; x_wconf 90' lang='lat' dir='ltr'>etiam</span> <span class='ocrx_word' id='word_1_281' title='bbox 655 3311 700 3358; x_wconf 87' lang='lat' dir='ltr'><strong><em>ea,</em></strong></span> <span class='ocrx_word' id='word_1_282' title='bbox 728 3310 796 3362; x_wconf 89' lang='lat' dir='ltr'>quae</span> <span class='ocrx_word' id='word_1_283' title='bbox 816 3294 961 3362; x_wconf 80' lang='lat' dir='ltr'>Gregorius</span> <span class='ocrx_word' id='word_1_284' title='bbox 979 3294 1113 3361; x_wconf 79' lang='lat' dir='ltr'>Nyssaeus</span> <span class='ocrx_word' id='word_1_285' title='bbox 1132 3295 1183 3358; x_wconf 86' lang='lat' dir='ltr'>ait,</span> <span class='ocrx_word' id='word_1_286' title='bbox 1202 3294 1248 3361; x_wconf 89' lang='lat' dir='ltr'>qui</span> 
     </span>
     <span class='ocr_line' id='line_1_31' title="bbox 153 3366 1248 3435; baseline -0.004 -19"><span class='ocrx_word' id='word_1_287' title='bbox 153 3367 231 3417; x_wconf 71' lang='lat' dir='ltr'>dicits</span> <span class='ocrx_word' id='word_1_288' title='bbox 251 3369 375 3435; x_wconf 85' lang='lat' dir='ltr'>quoniam</span> <span class='ocrx_word' id='word_1_289' title='bbox 389 3384 446 3419; x_wconf 88' lang='lat' dir='ltr'>cum</span> <span class='ocrx_word' id='word_1_290' title='bbox 464 3382 544 3419; x_wconf 89' lang='lat' dir='ltr'>carne</span> <span class='ocrx_word' id='word_1_291' title='bbox 554 3366 739 3418; x_wconf 85' lang='lat' dir='ltr'>-circuurclusa</span> <span class='ocrx_word' id='word_1_292' title='bbox 753 3373 846 3418; x_wconf 86' lang='lat' dir='ltr'>natura</span> <span class='ocrx_word' id='word_1_293' title='bbox 857 3373 946 3417; x_wconf 89' lang='lat' dir='ltr'>nostra</span> <span class='ocrx_word' id='word_1_294' title='bbox 963 3367 1123 3420; x_wconf 84' lang='lat' dir='ltr'>circumdata</span> <span class='ocrx_word' id='word_1_295' title='bbox 1141 3368 1176 3418; x_wconf 88' lang='lat' dir='ltr'>sit</span> <span class='ocrx_word' id='word_1_296' title='bbox 1188 3381 1248 3416; x_wconf 88' lang='lat' dir='ltr'><strong><em>mo.</em></strong></span> 
     </span>
    </p>

    <p class='ocr_par' dir='ltr' id='par_1_4' title="bbox 50 3438 1308 4221">
     <span class='ocr_line' id='line_1_32' title="bbox 50 3438 1308 3508; baseline -0.002 -18"><span class='ocrx_word' id='word_1_297' title='bbox 50 3478 63 3490; x_wconf 76' lang='lat'>.</span> <span class='ocrx_word' id='word_1_298' title='bbox 153 3438 241 3488; x_wconf 87' lang='lat' dir='ltr'>tiones</span> <span class='ocrx_word' id='word_1_299' title='bbox 260 3447 368 3490; x_wconf 87' lang='lat' dir='ltr'>nostrae</span> <span class='ocrx_word' id='word_1_300' title='bbox 384 3441 481 3491; x_wconf 87' lang='lat' dir='ltr'>mentis</span> <span class='ocrx_word' id='word_1_301' title='bbox 499 3454 554 3489; x_wconf 94' lang='lat' dir='ltr'>uon</span> <span class='ocrx_word' id='word_1_302' title='bbox 573 3446 684 3504; x_wconf 79' lang='lat' dir='ltr'>possunt</span> <span class='ocrx_word' id='word_1_303' title='bbox 701 3438 842 3501; x_wconf 85' lang='lat' dir='ltr'>declarari,</span> <span class='ocrx_word' id='word_1_304' title='bbox 859 3440 1152 3505; x_wconf 86' lang='lat' dir='ltr'>necessario-tanquam</span> <span class='ocrx_word' id='word_1_305' title='bbox 1170 3438 1249 3505; x_wconf 80' lang='lat' dir='ltr'>signa</span> <span class='ocrx_word' id='word_1_306' title='bbox 1304 3499 1308 3508; x_wconf 31' lang='lat'><em>¹</em></span> 
     </span>
     <span class='ocr_line' id='line_1_33' title="bbox 153 3508 1248 3576; baseline 0 -18"><span class='ocrx_word' id='word_1_307' title='bbox 153 3508 232 3560; x_wconf 84' lang='lat' dir='ltr'>rebus</span> <span class='ocrx_word' id='word_1_308' title='bbox 245 3518 331 3561; x_wconf 85' lang='lat' dir='ltr'>certas</span> <span class='ocrx_word' id='word_1_309' title='bbox 344 3512 479 3563; x_wconf 84' lang='lat' dir='ltr'>nominum</span> <span class='ocrx_word' id='word_1_310' title='bbox 504 3512 712 3576; x_wconf 82' lang='lat' dir='ltr'>compositiones</span> <span class='ocrx_word' id='word_1_311' title='bbox 726 3511 907 3576; x_wconf 84' lang='lat' dir='ltr'>imponentes,</span> <span class='ocrx_word' id='word_1_312' title='bbox 926 3508 982 3560; x_wconf 88' lang='lat' dir='ltr'>iliis</span> <span class='ocrx_word' id='word_1_313' title='bbox 1002 3511 1096 3561; x_wconf 86' lang='lat' dir='ltr'>mentis</span> <span class='ocrx_word' id='word_1_314' title='bbox 1116 3509 1248 3559; x_wconf 84' lang='lat' dir='ltr'>motiones</span> 
     </span>
     <span class='ocr_line' id='line_1_34' title="bbox 152 3579 1248 3634; baseline -0.001 -6"><span class='ocrx_word' id='word_1_315' title='bbox 152 3579 290 3631; x_wconf 86' lang='lat' dir='ltr'>uobiscum</span> <span class='ocrx_word' id='word_1_316' title='bbox 304 3583 420 3633; x_wconf 83' lang='lat' dir='ltr'>inuicem</span> <span class='ocrx_word' id='word_1_317' title='bbox 440 3581 676 3634; x_wconf 72' lang='lat' dir='ltr'>communicamus·</span> <span class='ocrx_word' id='word_1_318' title='bbox 697 3589 724 3632; x_wconf 83' lang='lat' dir='ltr'>st</span> <span class='ocrx_word' id='word_1_319' title='bbox 744 3581 859 3632; x_wconf 66' lang='lat' dir='ltr'>hano‘ob</span> <span class='ocrx_word' id='word_1_320' title='bbox 878 3596 932 3631; x_wconf 89' lang='lat' dir='ltr'><strong><em>rem</em></strong></span> <span class='ocrx_word' id='word_1_321' title='bbox 954 3579 1001 3630; x_wconf 86' lang='lat' dir='ltr'>alii</span> <span class='ocrx_word' id='word_1_322' title='bbox 1020 3581 1060 3630; x_wconf 91' lang='lat' dir='ltr'><strong><em>rei</em></strong></span> <span class='ocrx_word' id='word_1_323' title='bbox 1081 3593 1177 3631; x_wconf 87' lang='lat' dir='ltr'>nomeu</span> <span class='ocrx_word' id='word_1_324' title='bbox 1196 3580 1248 3628; x_wconf 89' lang='lat' dir='ltr'><strong><em>im.</em></strong></span> 
     </span>
     <span class='ocr_line' id='line_1_35' title="bbox 154 3648 1249 3717; baseline 0.002 -19"><span class='ocrx_word' id='word_1_325' title='bbox 154 3650 276 3713; x_wconf 89' lang='lat' dir='ltr'>ponimus</span> <span class='ocrx_word' id='word_1_326' title='bbox 295 3653 376 3717; x_wconf 86' lang='lat' dir='ltr'>coeli,</span> <span class='ocrx_word' id='word_1_327' title='bbox 396 3653 444 3716; x_wconf 77' lang='lat' dir='ltr'>aiii</span> <span class='ocrx_word' id='word_1_328' title='bbox 463 3669 559 3705; x_wconf 89' lang='lat' dir='ltr'>nomen</span> <span class='ocrx_word' id='word_1_329' title='bbox 580 3662 684 3705; x_wconf 80' lang='lat' dir='ltr'>torrae:</span> <span class='ocrx_word' id='word_1_330' title='bbox 702 3651 748 3704; x_wconf 90' lang='lat' dir='ltr'>alii</span> <span class='ocrx_word' id='word_1_331' title='bbox 762 3652 849 3717; x_wconf 87' lang='lat' dir='ltr'>aliud,</span> <span class='ocrx_word' id='word_1_332' title='bbox 873 3659 899 3703; x_wconf 88' lang='lat' dir='ltr'><strong><em>et</em></strong></span> <span class='ocrx_word' id='word_1_333' title='bbox 918 3651 1013 3702; x_wconf 82' lang='lat' dir='ltr'>referri</span> <span class='ocrx_word' id='word_1_334' title='bbox 1025 3651 1065 3701; x_wconf 86' lang='lat' dir='ltr'>ud</span> <span class='ocrx_word' id='word_1_335' title='bbox 1084 3648 1185 3716; x_wconf 88' lang='lat' dir='ltr'>aliquid</span> <span class='ocrx_word' id='word_1_336' title='bbox 1202 3656 1249 3700; x_wconf 85' lang='lat' dir='ltr'>aut</span> 
     </span>
     <span class='ocr_line' id='line_1_36' title="bbox 154 3719 1249 3792; baseline 0.001 -23"><span class='ocrx_word' id='word_1_337' title='bbox 154 3719 264 3772; x_wconf 77' lang='lat' dir='ltr'>efficere</span> <span class='ocrx_word' id='word_1_338' title='bbox 282 3731 327 3775; x_wconf 87' lang='lat' dir='ltr'>aut</span> <span class='ocrx_word' id='word_1_339' title='bbox 345 3725 431 3788; x_wconf 76' lang='lat' dir='ltr'>affici,</span> <span class='ocrx_word' id='word_1_340' title='bbox 460 3726 633 3777; x_wconf 83' lang='lat' dir='ltr'>haecomnia</span> <span class='ocrx_word' id='word_1_341' title='bbox 652 3726 767 3792; x_wconf 86' lang='lat' dir='ltr'>propriis</span> <span class='ocrx_word' id='word_1_342' title='bbox 793 3724 973 3791; x_wconf 84' lang='lat' dir='ltr'>significamus</span> <span class='ocrx_word' id='word_1_343' title='bbox 995 3721 1123 3772; x_wconf 81' lang='lat' dir='ltr'>uocibus:</span> <span class='ocrx_word' id='word_1_344' title='bbox 1151 3735 1185 3770; x_wconf 89' lang='lat' dir='ltr'><strong><em>ne</em></strong></span> <span class='ocrx_word' id='word_1_345' title='bbox 1204 3721 1249 3770; x_wconf 86' lang='lat' dir='ltr'><strong><em>in.</em></strong></span> 
     </span>
     <span class='ocr_line' id='line_1_37' title="bbox 154 3791 1249 3874; baseline 0.003 -35"><span class='ocrx_word' id='word_1_346' title='bbox 154 3801 289 3874; x_wconf 89' lang='lat' dir='ltr'>comperta</span> <span class='ocrx_word' id='word_1_347' title='bbox 311 3803 337 3845; x_wconf 87' lang='lat' dir='ltr'><strong><em>et</em></strong></span> <span class='ocrx_word' id='word_1_348' title='bbox 355 3796 491 3863; x_wconf 83' lang='lat' dir='ltr'>incognita</span> <span class='ocrx_word' id='word_1_349' title='bbox 511 3799 607 3848; x_wconf 86' lang='lat' dir='ltr'>montis</span> <span class='ocrx_word' id='word_1_350' title='bbox 630 3798 712 3847; x_wconf 88' lang='lat' dir='ltr'>motio</span> <span class='ocrx_word' id='word_1_351' title='bbox 733 3798 761 3847; x_wconf 85' lang='lat' dir='ltr'><strong><em>in</em></strong></span> <span class='ocrx_word' id='word_1_352' title='bbox 779 3796 857 3846; x_wconf 92' lang='lat' dir='ltr'>nohis</span> <span class='ocrx_word' id='word_1_353' title='bbox 875 3800 987 3844; x_wconf 83' lang='lat' dir='ltr'>maneat.</span> <span class='ocrx_word' id='word_1_354' title='bbox 1012 3791 1168 3858; x_wconf 78' lang='lat' dir='ltr'>praesertim</span> <span class='ocrx_word' id='word_1_355' title='bbox 1191 3807 1249 3843; x_wconf 85' lang='lat' dir='ltr'>cunr</span> 
     </span>
     <span class='ocr_line' id='line_1_38' title="bbox 154 3863 1248 3934; baseline 0.004 -23"><span class='ocrx_word' id='word_1_356' title='bbox 154 3863 238 3913; x_wconf 90' lang='lat' dir='ltr'>omnis</span> <span class='ocrx_word' id='word_1_357' title='bbox 258 3863 391 3916; x_wconf 91' lang='lat' dir='ltr'>hominum</span> <span class='ocrx_word' id='word_1_358' title='bbox 409 3869 465 3917; x_wconf 81' lang='lat' dir='ltr'>vitu</span> <span class='ocrx_word' id='word_1_359' title='bbox 484 3876 577 3918; x_wconf 88' lang='lat' dir='ltr'>natura</span> <span class='ocrx_word' id='word_1_360' title='bbox 596 3875 623 3918; x_wconf 86' lang='lat' dir='ltr'><strong><em>et</em></strong></span> <span class='ocrx_word' id='word_1_361' title='bbox 642 3867 745 3934; x_wconf 86' lang='lat' dir='ltr'>reguiis</span> <span class='ocrx_word' id='word_1_362' title='bbox 759 3867 900 3918; x_wconf 85' lang='lat' dir='ltr'>verborum</span> <span class='ocrx_word' id='word_1_363' title='bbox 921 3871 947 3914; x_wconf 92' lang='lat' dir='ltr'><strong><em>et</em></strong></span> <span class='ocrx_word' id='word_1_364' title='bbox 965 3864 1101 3915; x_wconf 84' lang='lat' dir='ltr'>literarum</span> <span class='ocrx_word' id='word_1_365' title='bbox 1120 3864 1248 3930; x_wconf 84' lang='lat' dir='ltr'>dispona-</span> 
     </span>
     <span class='ocr_line' id='line_1_39' title="bbox 155 3934 1246 4006; baseline -0.001 -20"><span class='ocrx_word' id='word_1_366' title='bbox 155 3941 198 3986; x_wconf 86' lang='lat' dir='ltr'><strong><em>tur</em></strong></span> <span class='ocrx_word' id='word_1_367' title='bbox 216 3939 243 3984; x_wconf 75' lang='grc' dir='ltr'><strong><em>ει</em></strong></span> <span class='ocrx_word' id='word_1_368' title='bbox 262 3934 474 3990; x_wconf 76' lang='lat' dir='ltr'>administretur:</span> <span class='ocrx_word' id='word_1_369' title='bbox 493 3947 572 4006; x_wconf 88' lang='lat' dir='ltr'>atque</span> <span class='ocrx_word' id='word_1_370' title='bbox 589 3946 683 3989; x_wconf 87' lang='lat' dir='ltr'>natura</span> <span class='ocrx_word' id='word_1_371' title='bbox 709 3940 814 4006; x_wconf 88' lang='lat' dir='ltr'>quidem</span> <span class='ocrx_word' id='word_1_372' title='bbox 841 3937 899 3987; x_wconf 88' lang='lat' dir='ltr'>sine</span> <span class='ocrx_word' id='word_1_373' title='bbox 918 3936 1012 3987; x_wconf 85' lang='lat' dir='ltr'>ordine</span> <span class='ocrx_word' id='word_1_374' title='bbox 1032 3942 1072 3986; x_wconf 86' lang='lat' dir='ltr'>est</span> <span class='ocrx_word' id='word_1_375' title='bbox 1091 3943 1117 3987; x_wconf 84' lang='lat' dir='ltr'><strong><em>et</em></strong></span> <span class='ocrx_word' id='word_1_376' title='bbox 1137 3950 1246 3987; x_wconf 88' lang='lat' dir='ltr'>norma.</span> 
     </span>
     <span class='ocr_line' id='line_1_40' title="bbox 154 4006 1249 4074; baseline -0.005 -17"><span class='ocrx_word' id='word_1_377' title='bbox 154 4006 201 4058; x_wconf 81' lang='lat' dir='ltr'><strong><em>lex</em></strong></span> <span class='ocrx_word' id='word_1_378' title='bbox 219 4014 307 4057; x_wconf 88' lang='lat' dir='ltr'>autem</span> <span class='ocrx_word' id='word_1_379' title='bbox 325 4007 448 4072; x_wconf 75' lang='lat' dir='ltr'>rhythmo</span> <span class='ocrx_word' id='word_1_380' title='bbox 468 4017 509 4059; x_wconf 88' lang='lat' dir='ltr'>est</span> <span class='ocrx_word' id='word_1_381' title='bbox 529 4011 647 4073; x_wconf 87' lang='lat' dir='ltr'>praedita</span> <span class='ocrx_word' id='word_1_382' title='bbox 666 4019 692 4062; x_wconf 89' lang='lat' dir='ltr'><strong><em>et</em></strong></span> <span class='ocrx_word' id='word_1_383' title='bbox 711 4011 808 4070; x_wconf 82' lang='lat' dir='ltr'>ordine</span> <span class='ocrx_word' id='word_1_384' title='bbox 820 4014 846 4057; x_wconf 91' lang='lat' dir='ltr'><strong><em>et</em></strong></span> <span class='ocrx_word' id='word_1_385' title='bbox 862 4021 963 4071; x_wconf 87' lang='lat' dir='ltr'>norma,</span> <span class='ocrx_word' id='word_1_386' title='bbox 983 4007 1051 4059; x_wconf 87' lang='lat' dir='ltr'>site</span> <span class='ocrx_word' id='word_1_387' title='bbox 1070 4007 1156 4074; x_wconf 80' lang='lat' dir='ltr'>seopti</span> <span class='ocrx_word' id='word_1_388' title='bbox 1174 4007 1249 4058; x_wconf 80' lang='lat' dir='ltr'>sina..</span> 
     </span>
     <span class='ocr_line' id='line_1_41' title="bbox 154 4077 1250 4142; baseline -0.002 -12"><span class='ocrx_word' id='word_1_389' title='bbox 154 4093 212 4130; x_wconf 92' lang='lat' dir='ltr'><strong><em>mus</em></strong></span> <span class='ocrx_word' id='word_1_390' title='bbox 234 4077 375 4130; x_wconf 86' lang='lat' dir='ltr'>verborum</span> <span class='ocrx_word' id='word_1_391' title='bbox 399 4086 425 4130; x_wconf 90' lang='lat' dir='ltr'><strong><em>et</em></strong></span> <span class='ocrx_word' id='word_1_392' title='bbox 443 4078 578 4131; x_wconf 87' lang='lat' dir='ltr'>literarum</span> <span class='ocrx_word' id='word_1_393' title='bbox 607 4083 657 4136; x_wconf 85' lang='lat' dir='ltr'><strong><em>vim</em></strong></span> <span class='ocrx_word' id='word_1_394' title='bbox 676 4081 778 4133; x_wconf 87' lang='lat' dir='ltr'>nullius</span> <span class='ocrx_word' id='word_1_395' title='bbox 805 4080 931 4131; x_wconf 87' lang='lat' dir='ltr'>momenti</span> <span class='ocrx_word' id='word_1_396' title='bbox 951 4093 1026 4142; x_wconf 85' lang='grc' dir='ltr'><strong><em>ειιε,</em></strong></span> <span class='ocrx_word' id='word_1_397' title='bbox 1051 4079 1139 4130; x_wconf 88' lang='lat' dir='ltr'>statim</span> <span class='ocrx_word' id='word_1_398' title='bbox 1165 4079 1250 4129; x_wconf 86' lang='lat' dir='ltr'>simu-</span> 
     </span>
     <span class='ocr_line' id='line_1_42' title="bbox 155 4147 1250 4221; baseline 0.002 -17"><span class='ocrx_word' id='word_1_399' title='bbox 155 4149 246 4221; x_wconf 88' lang='lat' dir='ltr'>latque</span> <span class='ocrx_word' id='word_1_400' title='bbox 269 4151 391 4204; x_wconf 86' lang='lat' dir='ltr'>obtusum</span> <span class='ocrx_word' id='word_1_401' title='bbox 406 4159 434 4205; x_wconf 84' lang='lat' dir='ltr'><strong><em>et</em></strong></span> <span class='ocrx_word' id='word_1_402' title='bbox 451 4165 548 4204; x_wconf 81' lang='lat' dir='ltr'>vanum</span> <span class='ocrx_word' id='word_1_403' title='bbox 566 4153 735 4220; x_wconf 80' lang='lat' dir='ltr'>praebuimus</span> <span class='ocrx_word' id='word_1_404' title='bbox 753 4153 805 4206; x_wconf 84' lang='lat' dir='ltr'><strong><em>hoc</em></strong></span> <span class='ocrx_word' id='word_1_405' title='bbox 824 4159 944 4206; x_wconf 84' lang='lat' dir='ltr'>ornatum</span> <span class='ocrx_word' id='word_1_406' title='bbox 964 4158 991 4203; x_wconf 84' lang='lat' dir='ltr'><strong><em>et</em></strong></span> <span class='ocrx_word' id='word_1_407' title='bbox 1008 4147 1164 4204; x_wconf 69' lang='lat' dir='ltr'>admirabile</span> <span class='ocrx_word' id='word_1_408' title='bbox 1183 4162 1250 4219; x_wconf 73' lang='lat' dir='ltr'>opus</span> 
     </span>
    </p>
   </div>
   <div class='ocr_carea' id='block_1_4' title="bbox 0 0 1524 4759">
    <p class='ocr_par' dir='ltr' id='par_1_5' title="bbox 0 0 1524 4759">
     <span class='ocr_line' id='line_1_43' title="bbox 0 0 1524 4759; baseline 0 0"><span class='ocrx_word' id='word_1_409' title='bbox 0 0 1524 4759; x_wconf 95' lang='lat' dir='ltr'><strong><em> </em></strong></span> 
     </span>
    </p>
   </div>
  </div>
 </body>
</html>
