3017 4759
230 246 452 315 uisuomsn
468 231 729 315 namuurum
745 249 857 315 xxix.
876 230 1065 317 tra-tt.
1142 232 1218 317 osa

115 405 301 493 α’ναθήματι
333 412 530 492 καταστῆναί
543 436 609 485 πως
631 410 803 496 αὐτήκοος,
833 407 914 492 μήτε
934 408 999 493 μὴν
1020 406 1076 485 τάς
1095 407 1217 475 ἐκείνου

115 520 191 592 παρ’
226 508 327 595 αύτην
357 516 523 594 γινομένας
554 514 714 594 λαθραίας
740 506 894 595 μηνύσεις
923 514 979 575 καί
1007 505 1217 593 παρακλησεις

117 614 237 687 άτελεῖς
259 610 524 694 παρακρούεσθαι
556 613 727 696 δυναμένη.
782 609 836 675 καί
865 611 949 675 τοῦτ’
983 604 1062 694 ἧνδ
1084 610 1142 693 τὴν
1162 612 1218 692 τῆς

117 712 282 796 ἐκκλησίας
306 712 359 776 καί
378 712 441 774 τῶν
461 713 558 777 θείων
578 716 656 787 τέως
677 713 844 794 δογμάτων
874 709 1002 791 ἔσβεσεν
1023 708 1218 793 ἐπανόρθω-

90 820 167 878 5σιν
190 811 268 892 μετά
293 814 347 895 τῆς
371 814 449 895 ι’μῆς
470 810 502 887 ἐς
522 814 617 875 τούτο
635 814 788 894 σπουδῆς,
812 806 903 890 οἶμαι
924 815 981 875 τού
1002 814 1081 876 θεοῦ
1102 818 1219 875 τελεω-

116 918 212 996 τέραν
235 913 280 978 ἔτι
299 917 446 996 γενέσθαι
468 909 524 994 τὴν
544 914 607 976 τῶν
629 912 710 994 ὑπὲρ
733 912 901 995 εὐσεβείας
924 910 1107 978 ἀθλούντων
1130 914 1217 976 δοκι-

115 1017 238 1093 μασίαν
258 1015 544 1135 ἐπιψηφιζομένου.
598 1012 639 1075 ου’
666 1010 727 1094 γάρ
755 1017 818 1077 τῶν
839 1014 1024 1096 α’ρξομδνων
1054 1014 1166 1077 α’θλτῑν
1188 1010 1217 1077 οἱ

118 1119 269 1200 σιίφανοι
291 1116 347 1178 καί
368 1110 408 1177 τά
429 1110 566 1193 ἔπαθλα,
588 1111 669 1177 α’λλά
691 1140 753 1177 των
777 1106 855 1195 άχρι
878 1114 1030 1189 τέλους’
1008 1113 1117 1185 ανύειν
1138 1138 1218 1195 προ-

116 1208 380 1293 θομσυμένων’
358 1237 482 1277 απαντα
507 1211 560 1277 τὸν
589 1216 657 1278 τού
675 1211 799 1296 δρόμον
821 1217 960 1278 δίαυλον
991 1211 1039 1277 διδ
1064 1215 1118 1279 καί
1139 1220 1218 1306 πολ,-

75 1340 109 1393 10
118 1311 208 1388 λακις
229 1305 334 1377 άλλων
356 1315 535 1379 κοπιώντων
567 1305 659 1377 άλλοι
681 1312 753 1388 τούς
775 1316 901 1379 ἐκείνων
920 1315 1105 1397 μύχθους’
1085 1338 1216 1399 απονητι

119 1412 320 1493 λαμβάνουσί
338 1438 372 1479 τε
403 1413 457 1478 καί
490 1414 726 1494 ἀπολαύουσι,
734 1415 807 1497 μήτ’
842 1417 967 1479 ἐκείνων
1000 1417 1218 1497 ζημιουμὲνων

118 1513 176 1587 τάς
195 1512 330 1636 α’μοιβδς
352 1514 429 1598 πρὸς
449 1518 506 1578 τοῦ
530 1517 803 1597 ἀγωνοθετοῦντος
832 1517 914 1578 θεοῦ
936 1512 988 1577 διά
1020 1517 1078 1577 τοῦ
1098 1512 1219 1594 μεταξύ

118 1638 183 1676 των
209 1612 339 1711 α’γοάνων
358 1614 523 1694 θανάτου,
545 1615 600 1679 καί
626 1639 689 1677 των
717 1614 860 1697 ὑστέρων
889 1608 1122 1689 κοινωνούντων
1154 1620 1226 1689 τοῖς·

94 1708 255 1795 πράτοις
278 1714 333 1777 διὰ
355 1738 412 1796 την
443 1718 506 1779 τῶν
535 1710 661 1797 τρόπων
693 1710 866 1798 δμοιότητα
894 1738 949 1795 της
981 1716 1134 1796 διανσμης
1159 1737 1220 1776 των

77 1841 110 1895 15
119 1818 292 1898 βραβειων,
313 1814 353 1877 τά
371 1814 460 1899 βάθη
483 1819 546 1879 τῶν
570 1838 627 1879 του
615 1818 724 1879 θεοῦ
745 1811 906 1900 κριμάτων
928 1827 964 1877 ου
956 1807 1221 1895 δυναμίνιονδν

93 1912 241 1990 τούτοις
266 1912 356 2000 ἡμων
377 1919 520 1996 ἐρευνᾶν.

219 2011 367 2081 Εἰκάσειτ
390 2010 464 2081 δ”
442 2042 481 2081 αν
502 2042 550 2093 τις
571 2014 647 2093 ἴσως
669 2042 711 2093 ως
732 2026 797 2093 τοις
817 2020 945 2100 α’,στβέσι
968 2017 1149 2091 διιύκιαις“
1131 2020 1286 2099 purim

120 2120 263 2180 τουτοισί
295 2120 464 2196 μετανοίας
496 2119 630 2200 άνοίγων
650 2117 804 2200 θύραν
786 2142 801 2181 ο
826 2118 929 2193 κοινὸς
963 2120 1147 2201 προμηθεύς
1170 2121 1220 2180 δι’-

122 2218 202 2279 δωσί
221 2240 253 2280 τε
287 2220 438 2301 διαμονῆς
465 2217 577 2302 καιρδν
608 2224 777 2301 ἐνταυθοῖ,
811 2222 866 2282 καί
887 2219 1096 2301 ύπερτίθησιν
1114 2214 1222 2283 ἑκατέ-

77 2340 189 2402 ηηροις
211 2313 347 2401 ἑκάτερα
357 2366 367 2396 ,
401 2320 479 2402 ἡμῖν
503 2343 537 2383 τε
566 2321 623 2401 τη“ν
650 2323 743 2383 θείαν
768 2321 954 2403 ἐπικουρίαν
983 2318 1137 2390 κάκείνοις
1168 2320 1223 2401 την

123 2417 252 2481 δικαιάν
274 2420 483 2495 surgentem.
525 2420 670 2484 παιδεύει
689 2422 718 2482 δ’
732 2413 789 2483 σύν
811 2412 897 2500 ὅμως
917 2417 1086 2504 συμφοράς
1109 2422 1252 2504 enipi-f,
1270 2436 1320 2493 127
1333 2452 1361 2493 ο.
1432 2422 1435 2429 “

123 2540 188 2599 ρων
207 2522 264 2581 νῦν
282 2522 339 2598 μὲν
361 2517 394 2597 ἐξ
415 2522 559 2605 αλλήλων
580 2518 728 2604 α’λλήλοις
744 2516 1012 2603 άλλιπαλλήλους,
1034 2518 1086 2584 ἵνα
1103 2524 1223 2599 μᾶλλον

122 2620 176 2701 τῆς
207 2612 331 2683 ἑαυτῶν
364 2626 475 2698 κακίας
509 2624 710 2687 αἰσθάνοιντο
743 2623 798 2707 (ου’
819 2618 878 2705 γάρ
902 2618 983 2699 κατά
1012 2624 1069 2685 τοῦ
1096 2621 1222 2705 α’γαθού

125 2848 270 2900 constituta
304 2862 365 2901 esse
384 2848 544 2915 spectatrix,
571 2862 660 2917 noque
684 2847 808 2915 proiecto
835 2847 909 2901 illius
934 2846 1003 2915 apud
1025 2846 1108 2915 ipsam
1140 2846 1222 2901 factas

128 2918 307 2972 clandestinas
330 2920 507 2971 indicationes
526 2927 553 2970 ct
570 2920 763 2973 admonitiones
782 2920 870 2972 irritas
888 2917 1024 2985 repellere
1043 2919 1147 2969 valens.
1198 2926 1224 2970 et

125 2990 176 3042 hoc
197 2998 255 3042 erat
273 2990 343 3058 qnod
363 2988 496 3041 ecclesiae
520 2997 547 3040 et
571 2990 721 3043 divinorum
750 2990 892 3059 aliquando
918 2989 1068 3057 dogmatum
1095 2990 1225 3054 repressit

125 3076 217 3113 veram
237 3062 455 3113 constitutionem
473 3076 532 3111 cum
550 3077 610 3112 meo
629 3061 679 3113 hac
704 3064 731 3114 in
755 3078 786 3113 rc
808 3060 904 3113 studio.
929 3067 1006 3126 'puto
1028 3060 1078 3111 deo
1098 3073 1224 3143 compro.

125 3132 208 3183 bantc
226 3132 416 3200 perfectiorem
436 3133 514 3183 etiam
534 3133 629 3184 factam
651 3149 712 3184 esse
730 3134 763 3184 de
781 3131 882 3199 pictate
907 3131 1064 3183 certantium
1086 3132 1223 3181 examina.

125 3205 236 3256 tionem.
273 3218 327 3256 non
347 3204 416 3254 enim
437 3217 527 3255 eornm
541 3205 586 3272 qni
605 3204 738 3270 incipiunt
755 3210 860 3254 certare
878 3211 940 3254 sunt
958 3216 1074 3253 coronae
1095 3209 1122 3253 et
1143 3216 1223 3269 prae
1383 3254 1388 3270 ,

125 3276 177 3325 mia
196 3275 244 3332 scd
263 3289 354 3327 eorum
375 3275 420 3342 qui
440 3291 526 3344 usque
545 3277 577 3327 ad
596 3276 674 3325 finem
693 3274 797 3325 emetiri
812 3274 896 3340 parati
913 3281 974 3325 sunt
992 3281 1075 3323 totum
1095 3271 1224 3325 curriculi
1334 3292 1341 3299 ¹*

125 3348 249 3413 spatium.
269 3362 352 3415 qnare
371 3348 457 3397 etiam
464 3361 546 3412 saepe
566 3346 629 3396 aliis
648 3344 832 3396 laborantibus
849 3344 896 3395 alii
913 3344 1019 3395 illorum
1039 3343 1146 3395 labores
1165 3346 1224 3397 sine

125 3416 218 3469 labore
238 3418 388 3470 subeuut“
371 3434 459 3485 nsque
477 3418 601 3468 fruuntur
618 3431 696 3483 quum
716 3431 804 3482 neque
824 3415 866 3466 illi
887 3424 996 3482 propter
1015 3431 1107 3467 cursus
1127 3416 1224 3467 remis·

125 3489 228 3541 sionem
257 3506 273 3541 a
296 3497 464 3556 proponente
492 3488 636 3539 certamina
662 3488 713 3538 deo
738 3494 824 3538 morte
849 3488 1035 3539 certaminibus
1067 3488 1226 3552 interposita

126 3559 286 3625 plectantur,
306 3569 333 3611 ct
351 3561 516 3627 posteriores
536 3574 594 3610 cum
614 3557 748 3625 prioribus
770 3565 879 3624 propter
896 3559 1027 3609 rationum
1046 3557 1225 3624 aequabilita-

125 3639 180 3682 tem
199 3633 371 3682 communiter
389 3639 490 3697 partem
509 3632 623 3698 quisque
642 3644 716 3681 suam
738 3630 915 3696 praemiorum
934 3629 1075 3694 accipiant.
1116 3628 1224 3679 divino.

125 3718 183 3754 rum
209 3709 296 3752 antem
323 3701 480 3753 iudiciorum
508 3710 626 3754 naturam
654 3701 834 3754 absconditam
859 3702 1023 3767 investigare
1054 3700 1082 3750 in
1106 3698 1148 3749 his
1174 3712 1223 3751 nos
1255 3764 1258 3770 .

125 3773 232 3842 quidem
249 3787 302 3822 non
321 3787 469 3837 possumus.

227 3868 383 3922 coniecerit
399 3876 486 3917 antem
507 3870 620 3921 fortasse
638 3870 735 3937 aliquis
756 3870 844 3936 impiis
864 3868 906 3919 his
922 3868 1021 3919 nostris
1041 3868 1223 3934 persecutori.

125 3942 179 3995 buo
193 3939 226 3991 ad
239 3938 422 4006 poenitentiae
436 3942 659 4005 opportunitatem
677 3942 837 3992 offerendam
850 3954 1012 3990 communem
1024 3940 1138 3991 omnium
1149 3947 1224 3990 tuto-

127 4028 184 4065 rem
205 4012 284 4063 dcum
302 4009 424 4061 manendi
446 4008 490 4058 hic
507 4018 610 4075 tempus
625 4012 753 4077 praebere
774 4010 824 4063 δι’
817 4026 955 4077 imponere
969 4011 1089 4094 utrisque
1103 4018 1224 4077 utraque,

126 4083 206 4137 nobis
225 4082 344 4133 divinum
362 4076 492 4131 auxilinm
515 4088 541 4130 et
559 4080 633 4132 iliis
626 4092 720 4134 rustam
733 4096 856 4150 poenam.
879 4090 958 4135 vocat
976 4082 1059 4148 igitur
1077 4081 1109 4131 ad
1125 4080 1224 4131 melio-

127 4171 184 4211 rem
200 4155 315 4225 frugem,
333 4151 499 4207 calamitates
517 4152 666 4205 inferendo
686 4170 758 4209 nunc
779 4154 885 4225 quidem
913 4162 975 4225 post
993 4152 1061 4206 alios
1079 4150 1139 4204 aliis
1158 4164 1223 4221 per.
