3017 4759
236 176 458 257 mesonma
474 188 734 258 emansisse
751 193 861 258 xxxi.
884 175 1070 259 is-es.
1139 124 1211 266 δότ

113 375 231 427 τιοντα,
254 356 388 432 μένοντα
412 353 443 417 δ’
465 354 498 418 έν
519 355 559 441 τῇ
579 347 718 438 {eorpu-
762 351 796 417 τό
831 351 891 438 γάρ
916 357 1136 438 πληθύνεσθαι
1160 353 1214 423 τόν

56 530 63 538 ,
113 457 171 522 ἕνα
194 452 272 519 θεόν
301 464 369 528 ταῖς
391 464 612 540 πρανοητικαϊς
635 452 795 538 ιιροόδοις,
813 460 957 521 τουτέστι
981 463 1046 532 ταῖς
1070 479 1104 520 τε
1126 459 1214 538 έγκο·

115 554 220 634 σμέοις
249 553 554 641 κατ’·όττερκασμιάις
588 553 753 639 θαόμασι,
792 559 992 639 διαιρεῖσθαι
1035 560 1090 621 κατ’
1123 560 1216 639 μερέ-

117 659 234 736 ζεσθαέ
252 659 337 721 ἐστιν
357 655 539 739 άναλόγως,
571 666 814 740 συμμαρτυρεῖν
845 656 1013 722 κάνταόθά
1036 655 1066 722 οἱ
1095 655 1215 739 ψευδό.

89 771 209 840 5μενυς
239 757 295 822 καί
335 763 544 843 συκοφαντῶν
576 756 632 823 τόν
665 758 831 824 θειότατον
861 759 1025 839 Μάξιμον.
1081 761 1125 834 εἰς
1153 754 1214 841 γάρ

115 860 222 941 ἓτερον
239 858 298 940 τὴν
321 860 415 944 ρ’ῆσιυ
434 862 607 945 μεταφέρει
634 862 736 953 ναόνλ
752 856 954 942 κακοτρόπως
975 863 1140 940 συγκυκαῖν
1163 858 1218 923 κατ’

117 959 356 1041 α’ναμοχλεόωυ.
399 964 476 1042 περί
496 949 533 1043 ἧς
561 962 619 1025 κατ’
641 962 740 1026 utsii>
772 965 887 1042 λέγειν’
903 958 959 1023 κατ’
983 955 1141 1040 ἐξετάζειν
1163 957 1218 1024 καί

117 1058 280 1124 διδάσκειν
300 1060 468 1124 κάνταόθα
487 1056 542 1124 τόν
563 1062 677 1144 α’μαθῆ
689 1059 882 1143 βουλόμενος
902 1057 998 1144 ἔγωγε
1022 1061 1217 1144 προσήκοντα

114 1165 171 1225 νῦν
196 1157 251 1224 τόν
271 1156 385 1244 καιρόν
406 1161 476 1240 δέχ’
496 1158 580 1242 όρά·
606 1154 671 1226 ότι
691 1158 751 1245 γάρ
778 1163 839 1226 τάν
868 1155 973 1226 ἄλλων
1004 1153 1127 1226 ἄνωθεν
1158 1161 1218 1225 άν-

59 1273 107 1328 ’10
117 1266 240 1327 θέλκων
262 1257 374 1344 εόρμός
395 1260 453 1323 οόκ
472 1264 511 1350 ἑᾷ
533 1265 709 1346 διατρίβειν
728 1286 789 1345 με,
812 1266 870 1329 κατ’
891 1256 960 1342 όμα
981 1258 1060 1344 πρός
1084 1255 1217 1342 ἄτεχνόν

115 1386 150 1428 τε
173 1365 227 1426 κατ’
247 1361 433 1444 κατάτεχνον
456 1358 569 1446 ψυχὴν
592 1363 650 1426 σάκ
663 1365 797 1429 εἰσιέναι
810 1361 929 1428 δύναιτ’
949 1355 988 1427 άν
1006 1361 1125 1450 ῥᾳδίως
1144 1355 1219 1427 οότε

14 1532 15 1535 ¹
114 1464 191 1547 γαόν
212 1459 321 1547 βραχό
343 1487 376 1528 τι
407 1465 470 1526 τῶν
490 1464 628 1546 collyris
649 1468 745 1548 μέρος
780 1458 853 1528 οότε
877 1465 948 1547 ζμὴν
970 1465 1003 1528 έν
1023 1461 1246 1550 βραχυτάταις,
1260 1479 1344 1536 1711.

114 1553 208 1646 μέρει
227 1560 358 1644 χρόνου.

207 1658 315 1743 Ὅμως
344 1662 383 1727 δι’
415 1667 538 1730 ἐκεῖθεν
571 1665 783 1747 διαλάβωμεν
820 1662 1003 1741 ἐπανιόντες
1032 1659 1130 1742 αὖθις
1164 1663 1283 1741 resin
1336 1680 1340 1686 '
1429 1734 1432 1746 ¹

72 1779 107 1834 15
118 1764 228 1848 λόγον,
249 1770 304 1828 κατ’
333 1769 396 1830 τεόν
425 1765 553 1846 άτόμων
575 1767 693 1831 ου’σιοόν
722 1761 841 1853 ἑκάστη
871 1774 932 1848 μιά
957 1773 1012 1833 κατ’
1034 1764 1144 1852 κράτη
1165 1771 1222 1834 καί

117 1863 298 1949 ἀδιαίρετός
319 1869 398 1946 ἐστι’,
419 1869 474 1931 καί
491 1869 560 1932 κατ’
580 1869 657 1931 αι’τό
672 1891 708 1951 ys
722 1872 818 1934 ταῦτα
835 1869 891 1933 καί
911 1870 1041 1954 άμερής.
1064 1864 1136 1936 οότε
1158 1866 1218 1951 γάρ
1313 1883 1318 1904 ’
1350 1855 1355 1862 “

117 1965 196 2032 εἴδει
219 1959 291 2032 οότε
314 1962 445 2057 άριθμρῖ
467 1963 550 2034 εἶναι
572 1971 648 2035 καθ’
681 1965 779 2053 αότὴν
807 1968 1042 2056 μεμαθήκαμεν
1065 1974 1220 2050 ου’δεμέαν

118 2068 247 2133 αότοῖν·
275 2067 400 2152 διάγάρ
416 2072 511 2133 τοῦτο
534 2076 590 2136 κατ’
612 2074 751 2152 άτάμους
775 2072 888 2148 οόσέας
910 2078 1016 2157 φαμὲν
1030 2068 1069 2136 τά
1092 2071 1218 2137 τοιάδε·

118 2169 187 2233 ἄλλ’
216 2166 383 2246 υάσιιόδεις
414 2163 501 2250 όμως
524 2158 637 2254 έχουσι
667 2169 831 2258 διαφοράς
864 2174 898 2236 έν
929 2174 973 2260 τῷ
1008 2171 1110 2258 οἰκείῳ
1144 2164 1218 2257 όρρι.

42 2309 49 2324 1
72 2271 193 2344 poeniali
213 2266 275 2354 γάρ
289 2267 383 2333 ου’δέν
397 2263 469 2335 oin
491 2273 554 2334 τῶν
566 2267 760 2354 ὁριζομένων
776 2266 848 2336 οὔτε
864 2273 1180 2355 τῶνδιαιρουμένων
1198 2265 1220 2355 ἢ

116 2373 330 2454 μεριζομένων
350 2370 406 2455 ὑφ’
421 2369 501 2435 αότό
518 2367 575 2447 τάς
588 2373 756 2448 ου’σιεὸδεις
770 2371 836 2457 ἔχει
858 2371 1030 2457 διαφοράς,
1048 2372 1118 2436 n’ll'
1134 2364 1221 2438 όνω-

118 2477 175 2536 θεν
198 2468 346 2536 κατιόντα
371 2475 497 2556 δέχεται
512 2474 567 2537 τόν
584 2479 774 2541 συντιθέντα
795 2459 937 2559 όρισμόν,
959 2481 993 2540 έκ
1014 2476 1124 2557 γένους
1143 2466 1219 2540 ὄντα

118 2570 172 2636 κατ’
189 2576 386 2638 συστατικῶν
409 2577 590 2662 διαφορῶν·
633 2573 814 2661 όριζόμενοι
828 2573 888 2661 γάρ
912 2572 974 2642 τόν·
989 2569 1160 2660 άνθρωιταν
1183 2574 1219 2639 ori
1250 2573 1254 2590 ‘

116 2869 239 2928 tentem,
256 2871 408 2915 manentem
425 2875 493 2915 vero
512 2863 541 2914 in
558 2863 671 2916 cnihte.
707 2861 840 2932 pluralem
862 2877 922 2915 esse
942 2863 1020 2915 denia
1037 2861 1220 2931 praecognitis

118 2932 279 2997 eventibus,
298 2933 352 2984 lioc
371 2941 427 2998 est,
448 2933 614 2985 naturalibus
633 2941 660 2986 et
686 2933 933 3002 supernaturalibus
951 2933 1102 2996 miraculia3
1121 2933 1221 2986 divisio

119 3015 146 3059 et
163 3005 272 3072 partitio
298 3012 338 3056 est
358 3004 391 3055 ad
410 3004 619 3064 similitudinem.
657 3007 769 3058 assentit
790 3003 976 3056 fraudulentus
994 2999 1042 3056 ille
1068 3013 1095 3055 et
1112 3004 1144 3056 lt.
1163 3003 1221 3057 lla.

117 3078 217 3129 ximum
242 3072 417 3127 calumnians.
460 3077 607 3129 orationem
634 3079 752 3128 enimin
778 3077 937 3128 contrariam
967 3083 1067 3142 partem
1096 3075 1223 3127 transfert

118 3146 298 3216 perturbatam
319 3155 345 3198 ct
368 3163 504 3212 eversam,
533 3149 638 3216 dequo
658 3148 846 3214 pluradicero
872 3155 899 3199 et
916 3146 1050 3199 indoctum
1071 3148 1221 3198 examinare

120 3225 148 3271 et
165 3219 263 3269 docere
281 3217 374 3283 velim,
394 3220 441 3270 sed
460 3227 564 3287 tempus
583 3221 635 3271 iam
654 3227 742 3286 aptum
761 3232 815 3270 non
835 3219 925 3271 rideo.
973 3233 1032 3270 nam
1052 3233 1140 3270 rerum
1160 3219 1222 3271 indo

119 3289 152 3342 ab
178 3290 255 3342 initio
274 3291 360 3342 series
384 3305 439 3342 non
464 3293 563 3358 patitur
586 3307 630 3341 me
657 3290 755 3342 morari
779 3305 831 3341 nec
858 3297 967 3358 propter
986 3291 1099 3342 inertem
1120 3298 1146 3342 et
1163 3305 1222 3342 ma.

121 3361 222 3430 lignam
240 3370 356 3412 mentem
374 3376 429 3414 non
452 3362 534 3415 facile
553 3363 661 3431 assequi
679 3363 736 3414 sani
756 3362 907 3431 quicquam,
926 3376 962 3413 ne
981 3361 1139 3414 brevissimo
1160 3362 1222 3431 qui.

120 3433 180 3485 dem
196 3441 326 3499 tempore.
426 3456 428 3464 ,

221 3528 385 3597 Quamquam
403 3530 507 3583 reversi
527 3546 620 3583 rursus
644 3529 793 3582 orationem
818 3529 996 3597 recipiamus„
1026 3529 1223 3584 elementalinm

110 3601 295 3654 essentiarum
313 3616 491 3671 unaquaeqne
508 3603 588 3654 unica
606 3608 647 3655 est
675 3609 702 3653 et
720 3601 846 3667 primaria
870 3610 897 3653 ct
920 3602 1053 3668 impartita
1081 3609 1107 3652 et
1132 3601 1166 3654 ob
1195 3603 1223 3656 irl

121 3675 207 3740 ipsum
225 3685 279 3722 non
299 3672 476 3725 dissolubilia.
520 3688 575 3725 non
596 3675 668 3726 enim
688 3673 781 3740 specie
800 3681 846 3724 aut
865 3686 976 3724 numero
998 3681 1122 3725 constare
1141 3671 1224 3726 ullam

122 3741 323 3805 intelleximus,
352 3744 413 3794 ideo
434 3744 608 3797 elementales
629 3745 760 3797 essentias
785 3759 921 3796 vocamus.
959 3743 1117 3796 essentiales
1134 3753 1223 3799 tamon
1275 3770 1279 3785 ι

121 3815 266 3868 varietates
299 3813 398 3865 liabent
425 3815 588 3881 inpropriis
617 3819 672 3867 suis
691 3815 798 3867 linibus.
841 3813 909 3865 nihil
929 3815 1000 3866 enim
1021 3829 1126 3880 eornm,
1154 3832 1223 3886 qnae

122 3894 246 3953 separata
264 3893 326 3936 aunt
344 3892 389 3934 ant
406 3886 534 3937 dissoluta
552 3894 598 3937 ant
615 3889 720 3953 partita,
742 3884 901 3938 essentiales
921 3887 947 3937 in
961 3901 991 3936 se
1009 3891 1152 3940 varietates
1172 3889 1222 3941 ha.

123 3957 183 4021 bet,
214 3956 261 4008 sed
280 3955 313 4007 alr
334 3957 410 4006 initio
431 3957 644 4025 progredientem
669 3961 766 4024 recipit
792 3958 973 4011 definitionem
998 3962 1169 4024 compositam
1190 3975 1223 4010 ex

125 4043 226 4097 genere
247 4035 274 4079 et
293 4027 514 4096 componentibus
533 4029 716 4082 varietatibus.
735 4029 893 4081 definientes
916 4031 986 4081 enim
1008 4028 1151 4094 hominem,
1169 4043 1223 4083 non

125 4099 300 4154 elementalcs
319 4105 348 4151 et
370 4106 481 4160 namma
502 4098 636 4154 subiectas
654 4109 784 4170 essentias
805 4101 996 4170 perennitatem
1019 4101 1135 4166 dicimus,
1151 4101 1175 4155 ε’.
1195 4114 1222 4172 ρ.
1278 4113 1279 4116 ’
