3017 4759
212 211 334 299 'tou
401 224 455 301 ς,
558 180 784 290 nrcmnonr
817 218 1046 289 carucata
1128 194 1134 203 '

260 390 375 476 καρδίη
405 383 540 468 τάνδρὸς
561 382 892 467 ἐντεθησαυρισμίνας
917 388 1083 467 δυσσεβεῖς
1114 388 1188 469 περί
1209 388 1288 451 θεοδ
1310 385 1366 453 καί

260 494 324 556 rods
343 493 439 554 θείαν
458 484 637 569 δογμάτων
664 483 785 562 ἐννοίας
812 486 865 550 καί
894 486 965 563 τοὺς
987 489 1042 571 τής
1073 485 1226 564 α’πονοιός
1246 491 1365 573 ἐκείνης

261 590 448 675 γεννήτορας
469 590 601 673 τάφους.
1034 657 1040 662 ,

196 719 250 771 4²
353 682 421 755 ’Eu
442 694 497 756 καί
514 693 605 755 τοῦτο
628 684 803 772 προσθήσω
822 697 890 765 τοῖς
913 691 1098 773 εἰρημένοις,
1122 688 1298 754 ἀκόλουθον
1320 692 1364 765 εἰς

262 795 462 877 παράστασιν
483 796 540 874 τής
559 788 685 875 γνοίμης
705 791 855 873 ὑπάρχον
877 792 931 855 καί
944 793 1038 855 τοῦτο
1055 791 1194 872 τάνδρός
1235 789 1305 869 ἔστι
1328 793 1389 855 δέ5

262 891 325 960 τῶν
345 897 467 959 πολλῶν
497 896 531 958 ἐν
562 888 920 978 δφεεδοίπαρήκυμεν
943 894 1057 956 oritoni.
1116 890 1237 977 Εἰρήνη
1261 890 1364 975 γάρή

261 996 390 1077 βασιλίς
411 998 465 1059 καί
485 992 622 1076 σάζυγυς
645 991 744 1058 αὐτοῦ
768 992 886 1068 πολλάς
919 992 1083 1081 ἐπήνεγκεν
1106 991 1179 1073 ἔμσί
1198 992 1366 1075 παρακλή-

262 1113 342 1173 oric,
359 1094 608 1178 εἰχαριστήριον
631 1095 674 1170 ὥς
695 1098 729 1173 ἐξ
750 1095 850 1179 αὐτῆς
880 1097 1022 1159 ἐκθεῖναι
1042 1095 1131 1175 λόγον
1154 1098 1193 1181 τῇ
1218 1091 1365 1181 πανάγνῳ

261 1199 360 1282 μητρί
378 1200 436 1261 τοῦ
460 1197 551 1275 θεοῦ,
570 1190 625 1261 dra
645 1191 701 1279 τήν
721 1197 814 1280 σφῶν
831 1190 1000 1277 βασιλικήν
1023 1195 1055 1269 ἐς
1078 1195 1254 1272 Βυζάντιον
1278 1191 1366 1258 εἴσο-

263 1297 319 1362 δον
337 1294 392 1361 καί
410 1298 499 1379 λῆξιν
520 1300 577 1378 τής
597 1296 798 1361 ἐπικινδύνου
820 1299 877 1359 καί
896 1299 1022 1378 μακράς
1048 1298 1169 1381 ἐκείνης
1191 1291 1310 1380 πλάνης
1329 1292 1413 1358 ἐν10

261 1394 368 1485 μνήμη
389 1401 450 1485 μιηῖ
470 1399 540 1462 ’τῶν
562 1392 661 1482 σάτής
688 1392 805 1481 ἑορτῶν
834 1400 1023 1481 γενομένην,
1056 1396 1110 1461 καί
1138 1398 1196 1459 ου’νι
1231 1388 1367 1459 άλλσθεν

264 1490 346 1563 εἰναι
368 1494 685 1581 δμολογεῖντσυτηνί
702 1495 760 1580 τήν
782 1500 965 1580 ἐπικουρίαν
985 1496 1068 1580 πλήν
1089 1488 1198 1580 αἰτής,
1243 1503 1369 1581 φιλοτι-

264 1598 398 1682 μότερον
420 1601 524 1663 τοίνυν
546 1601 627 1686 ἐμοῦ
646 1604 698 1665 τὸν
721 1603 865 1666 τοιοῦτον
887 1598 1096 1676 ἐκδεδωκότος
1124 1596 1216 1681 λόγον
1236 1593 1289 1661 διά
1312 1596 1369 1679 τήν

161 1734 168 1745 ,
267 1701 322 1783 τής
343 1702 507 1781 βασιλίδος
530 1698 661 1785 ἔφεσιν,
683 1698 779 1776 ον’τδς
802 1700 1000 1780 θεασάμενος
1030 1701 1102 1764 α’ντί
1122 1701 1181 1763 τοῦ
1204 1698 1369 1780 άγαπήσαι

265 1800 419 1882 μεμίσηκε
432 1798 519 1879 μάλα
532 1824 562 1864 τι
577 1805 708 1882 μᾶλλον,
731 1796 778 1866 ὅτι
793 1799 836 1884 μή
853 1804 891 1887 τῇ
907 1801 1011 1864 αὐτοῦ
1029 1805 1153 1866 συνέσει
1168 1798 1223 1866 καί
1233 1822 1369 1881 στρατη·
1380 1804 1415 1859 15

267 1892 320 1987 γ’ίηι
341 1902 400 1963 τοῦ
423 1904 583 1983 τροπαίου
606 1898 642 1965 τά
666 1905 729 1965 πάν
750 1902 899 1985 α’νήπεεν,’
921 1899 1000 1965 ἄλλά
1025 1904 1064 1989 τῇ
1083 1903 1181 1985 μητρί
1202 1902 1256 1963 τοῦ
1279 1900 1371 1979 θεοῦ,

266 1993 373 2079 οδσπερ
396 1990 436 2062 άν
457 1999 488 2063 εἰ
506 1998 617 2082 νεκράν
630 1996 816 2083 ὑπάρχοντα
833 2001 991 2081 κεκόμικε,
1013 1999 1120 2086 φησίν,
1145 1998 1243 2063 odedu
1267 2000 1370 2082 ἐκείνη

266 2096 346 2182 μετά
371 2104 496 2179 ξυλίνου
520 2101 601 2176 τινδς
632 2100 827 2185 κραββάτου.
872 2096 951 2182 πρός
984 2103 1072 2165 ταῦτ’
1096 2099 1155 2181 ἐγοδ
1179 2102 1239 2179 μὲν
1263 2102 1372 2178 ἐξεπε-
1476 2148 1477 2151 ,

266 2186 498 2285 1πλήγμην,ιιαι“
517 2199 573 2285 τήν
594 2202 695 2266 ου’τοῦ
717 2202 785 2265 κατ’
808 2200 946 2282 ἐμαυτὸν
962 2199 1153 2285 κακοήθειαν
1167 2198 1372 2283 ἐμεμψάμην·

270 2299 290 2381 ή
314 2302 350 2365 δέ
370 2300 496 2382 βασιλίς
517 2300 636 2387 Εἰρήνη
659 2302 764 2385 λόγοις
792 2306 851 2386 μὲν
872 2304 1093 2387 σκληροτέροις
1124 2310 1188 2374 τοῖς
1207 2299 1287 2383 πρὸς
1310 2300 1418 2365 ου’-20

271 2400 346 2481 τόν,
374 2398 479 2485 ἔργοις
516 2405 551 2465 δέ
579 2412 644 2476 τοῖς
675 2406 790 2489 ἐφεξής
820 2402 934 2489 ἔφηνεν
967 2400 1041 2467 ὅσον
1063 2406 1119 2486 τής
1148 2394 1299 2485 εὐηθείας
1320 2404 1376 2464 καί
1445 2423 1452 2430 ·

271 2499 352 2585 αἰτή
375 2504 433 2567 τσῦ
454 2499 593 2585 συζύγου
612 2501 765 2587 Ικατέγνοο.
810 2507 865 2569 διὰ
886 2502 947 2588 γάρ
970 2500 1106 2589 μεγάλης
1130 2500 1249 2585 ἔχουσα
1272 2524 1376 2566 σπου-

273 2602 329 2686 δής
350 2603 500 2685 λαμπράν
521 2604 559 2691 τῇ
584 2604 720 2693 θεοτόκηε
742 2604 798 2669 καί
825 2610 985 2689 πσλστελή
1008 2604 1184 2688 πανήγυριν
1212 2595 1376 2687 ἑορτάζειν

278 2894 329 2946 deo
351 2899 378 2945 et
395 2893 493 2947 divinia
518 2894 649 2963 dogmatis
672 2908 767 2947 sensus
792 2894 842 2944 iarn
874 2894 918 2945 diu
938 2894 964 2945 in
994 2893 1074 2944 corde
1092 2892 1145 2944 viri
1162 2890 1315 2943 reconditos
1334 2892 1377 2943 ia.

277 2973 408 3037 stumque,
428 2965 501 3019 illius
520 2966 670 3018 dementiae
688 2971 835 3033 parentem,
856 2964 1009 3031 patefacere
1029 2979 1083 3015 non
1102 2964 1227 3015 cessarit.

375 3062 462 3115 Etiam
484 3062 535 3115 hoc
553 3055 664 3128 addam,
690 3063 760 3131 quod
778 3062 843 3115 item
863 3063 895 3114 ad
914 3062 1029 3113 hominis
1055 3059 1195 3111 consilium
1215 3071 1378 3125 repraesen-

277 3135 383 3186 tandum
403 3134 530 3200 pertinet.
568 3143 609 3187 est
628 3150 695 3187 uero
715 3149 795 3185 unum
816 3133 944 3197 entuitis,
965 3146 1034 3200 quae
1053 3133 1077 3184 ei
1094 3140 1235 3199 parcentes
1254 3136 1378 3196 praeter.

275 3206 404 3255 misimus.
442 3204 520 3255 Irene
549 3208 617 3257 enim
646 3206 802 3273 imperatrix
833 3204 944 3271 eiusque
964 3217 1032 3254 uxor
1057 3203 1153 3253 multas
1177 3198 1241 3251 mihi
1261 3200 1380 3251 admouit

276 3274 485 3338 adhortationes,
505 3282 534 3326 at
554 3292 586 3327 ex
606 3277 663 3328 eius
690 3291 805 3344 persona
825 3277 967 3345 gratiarum
986 3276 1117 3327 actionem
1136 3273 1300 3324 castIssimao
1320 3286 1379 3322 ma-

276 3346 309 3398 tri
331 3344 375 3396 dei
394 3343 510 3410 ederem,
530 3348 629 3413 quippo
649 3349 718 3415 qnod
738 3348 925 3415 imperatorius
945 3348 1070 3397 introitus
1089 3345 1247 3411 Byzantium
1268 3342 1380 3409 pericu.

268 3416 385 3484 tostquc
404 3430 436 3466 ae
454 3415 529 3485 longi
550 3419 648 3471 erroris
667 3419 727 3471 iinis
745 3419 874 3471 memoria
897 3420 975 3469 unius
995 3432 1029 3468 ex
1057 3417 1132 3467 iestis
1151 3416 1178 3465 in
1197 3414 1271 3465 iliius
1290 3411 1379 3464 hono.

276 3504 332 3543 tem
351 3486 496 3540 celebratis
526 3487 610 3562 [actm
641 3498 721 3542 esset.
760 3490 889 3543 auxilium
917 3503 983 3541 vero
1002 3488 1055 3539 uisi
1085 3487 1120 3538 ab
1147 3501 1177 3537 ea
1196 3500 1250 3537 non
1269 3483 1380 3535 allatum

278 3575 338 3612 esso
356 3574 412 3612 non
430 3559 518 3627 putuit
534 3575 589 3611 uon
607 3562 634 3611 iu
656 3561 782 3615 confesso
804 3578 872 3613 csso.
895 3553 1044 3612 huiusmodi
1064 3559 1211 3609 orationem
1229 3571 1308 3624 quum
1327 3569 1379 3623 ego

278 3631 424 3685 studiosius
448 3632 657 3699 composuissem
684 3632 818 3683 voluntati
848 3631 1025 3699 imperatricis
1052 3628 1212 3693 obsecutus,
1237 3629 1380 3693 imperator

261 3716 337 3756 >cnm
363 3704 532 3770 conspicatus
560 3718 609 3772 pro
633 3718 724 3755 amore
752 3705 876 3771 concepit
902 3704 1005 3766 odium,
1034 3702 1104 3768 quod
1127 3700 1249 3751 nimirum
1274 3712 1328 3749 uon
1349 3696 1381 3748 ad

278 3786 353 3827 snam
371 3774 536 3838 prudentiam
563 3782 644 3843 atquo
670 3773 797 3826 bellicam
821 3776 943 3842 peritiam
971 3773 1085 3826 victoria
1111 3779 1166 3822 tota
1194 3770 1381 3831 relucescet,

278 3842 326 3897 scd
343 3843 376 3894 ad
395 3852 503 3895 matrem
523 3845 577 3910 dei,
597 3846 674 3914 quasi
692 3859 789 3911 corpus
808 3854 939 3897 mortuum
958 3844 1050 3913 ligneo
1080 3844 1182 3895 cuidam
1211 3841 1311 3892 feretro
1328 3840 1382 3890 irn-

277 3914 393 3985 positum
411 3916 589 3981 importasset.
638 3916 686 3967 hac
717 3932 748 3967 re
781 3918 902 3983 equidem
928 3915 1069 3983 perculsus
1097 3915 1130 3967 ei.
1140 3911 1335 3980 malignitatem
1354 3911 1382 3959 in

277 4004 320 4042 me
342 3984 521 4054 opprobrari3
541 3988 696 4054 imperatrix
714 3994 802 4039 auten
828 3988 907 4039 irene
928 3994 954 4038 et
973 3985 1064 4039 verbis
1085 3983 1267 4051 asperioribus
1285 3989 1313 4032 et
1332 3980 1382 4031 de.
1403 3999 1410 4011 ·

277 4058 341 4116 inde
361 4056 443 4112 rebus
464 4058 590 4123 ostendit,
612 4066 726 4127 quantae
745 4059 882 4127 nequitiae
897 4059 956 4126 ipsa
973 4059 1096 4109 maritum
1115 4061 1250 4123 argueret.
1289 4066 1384 4120 quam-

279 4145 356 4200 quam
373 4130 443 4183 enim
461 4144 559 4202 magno
580 4131 669 4185 studio
687 4130 819 4198 {deiparae
847 4128 1013 4199 splendidum
1039 4137 1118 4197 atquo
1138 4132 1319 4194 sumptuosum
1340 4123 1384 4175 ie.
