3017 4759
287 237 510 309 mesonma
532 236 789 308 eminuisse
817 240 911 307 xxx.
935 224 974 307 3.
1006 218 1045 307 λ.
1150 230 1223 308 uos

126 406 181 488 της
204 399 446 485 άίραςβιάιον.”
482 400 555 465 ite
569 403 600 466 Γ
597 406 733 486 ρηγοράς
755 400 925 482 ὑπολαβών
955 398 1053 486 φησίν
1075 396 1140 477 αύδς
1162 398 1261 485 ἐγιδι

129 509 157 569 δ’
180 508 215 569 ἐκ
236 505 354 567 πολλού
378 500 417 564 τά
439 506 494 585 τῆς
518 507 682 584 θεολογιάς
701 502 864 586 μυστήρια
887 505 996 586 φέρειν
1019 500 1072 565 διά
1093 508 1225 583 χειλέων

130 610 170 670 ου’
189 602 278 687 μάλα
300 607 424 686 τολμάν
443 600 524 667 α’λλά
542 608 681 689 φρίττων
702 608 754 668 καί
776 602 872 686 α’κοίην
893 602 948 667 καί
968 602 1122 683 διάνοιαν,
1147 603 1254 666 ἐπε--

129 707 237 792 πηδων
258 703 360 778 εύθύς
388 704 430 780 τίς
458 702 521 767 άπὸ
551 704 659 786 πυράς.
713 699 792 767 iinon
827 702 888 787 γάρ
918 712 983 778 τοῖς
1002 704 1149 786 μεγάλοις
1173 707 1257 784 καίμ

101 806 258 891 δοφύδρα
281 813 394 887 σοφοίς
428 803 633 878 διδασκάλοις
656 807 774 887 ἐκείνης
798 806 853 885 τῆς
884 806 1050 886 ἐκκλησίας
1080 804 1228 867 άποοείε-

128 911 208 970 οθαι
231 903 288 987 την
313 907 491 989 ἐγχείρησιν
514 903 694 987 ὁλοσχερῶς
707 908 903 989 συνέβαινεν,
924 895 1017 987 ἦπου
1042 906 1143 984 μανία
1166 929 1228 971 σα-

129 1004 193 1091 φης
214 1004 296 1087 ἡμᾶς
319 1007 474 1086 ἐγχειρεῖν
493 1013 557 1079 τοῖς
578 1005 742 1084 τοιούτοις,
763 1007 843 1088 μηδὲ
866 1002 965 1088 μικρά
985 1008 1063 1086 γούν
1088 1007 1151 1070 τοῖν
1167 998 1227 1069 ὅσα

129 1104 246 1172 ἐκείνοι
268 1110 385 1185 μαθείν
405 1130 454 1168 πω
484 1108 723 1189 δεδυνημένους.
784 1108 838 1170 καί
861 1107 912 1169 ἵνα
942 1103 977 1168 τὸ
1001 1110 1070 1170 κατ’
1089 1105 1229 1186 ἐμαυτὸν

130 1203 298 1286 άναλαβάκ
321 1203 521 1289 διηγήσωμαι
542 1206 748 1289 τελεώτερον,
776 1202 860 1279 ὅπως
891 1204 1012 1289 δηλαδη
1034 1205 1133 1286 κάμοί
1152 1202 1229 1289 πρὸς

85 1302 187 1389 torpe
216 1304 365 1389 τοιαύτην
398 1311 431 1386 ἐξ
466 1306 569 1388 α’ρχης
592 1302 746 1371 ύπύθεσιν
776 1310 963 1391 διατεθῆναι
993 1309 1228 1386 συμπέπτωκεν,

129 1411 200 1474 ἐπεί
218 1405 298 1488 μετά
321 1405 372 1471 τὸν
392 1410 447 1473 τοῦ
471 1405 640 1472 θειοτάτου
669 1413 723 1474 καί
745 1414 925 1492 μακαρίτου
948 1407 1066 1491 πατρός
1086 1430 1144 1471 σου
1165 1404 1229 1470 θά-

128 1532 235 1588 νατον,
258 1511 316 1573 τού
348 1510 498 1589 άοιδίμου
522 1512 607 1591 φημί
625 1513 783 1590 βασιλέως
807 1513 949 1589 ἐκείνου,
971 1504 1050 1587 πρὸς
1072 1503 1229 1589 ἐμφύλιον
1240 1517 1258 1571 i.
1271 1517 1354 1573 1331.

128 1606 241 1675 στάσιν
267 1608 304 1673 τά
325 1608 494 1689 Ῥωμαίων
525 1610 644 1693 η’γέρθη
675 1610 846 1692 πράγματα
877 1608 931 1672 καί
962 1601 1029 1688 ἅμα
1060 1603 1139 1670 κατά
1165 1609 1229 1671 τῶν

129 1713 227 1775 θείων
241 1713 295 1792 τῆς
314 1708 478 1791 ἐκκλησίας
500 1707 664 1793 δογμάτων
678 1710 718 1773 τά
742 1713 893 1794 χείριστα
906 1707 987 1793 πρὸς
1002 1712 1112 1772 κακιάν
1133 1707 1228 1790 α’νέρ-

85 1830 212 1895 15ρωγε
235 1811 368 1891 κύματα,
391 1810 447 1873 καί
466 1806 571 1893 ὥσπερ
596 1811 629 1874 ἐν
647 1813 787 1893 χειμῶνι
809 1810 866 1875 καί
885 1808 974 1875 νυκτί
985 1806 1023 1873 τά
1048 1809 1149 1873 πάντα
1175 1807 1229 1886 ζὸ-

129 1934 190 1997 φος
209 1903 258 1994 ἦν,
280 1907 323 1986 uie
338 1916 421 1997 μηδὲ
445 1906 582 1995 οἴστροις,
599 1911 635 1975 τύ
661 1910 910 1994 θρολλούμενον,
936 1906 1007 1974 ύποι
1031 1896 1161 1995 φ’ἐροιτύ
1181 1933 1228 1984 τις

130 2012 293 2077 δύνασθαι
313 2014 567 2097 τεκμαίρεσθαι,
598 2012 653 2076 καί
680 2014 769 2075 πάντ’
800 2004 866 2076 άνω
889 2017 942 2075 καί
963 2009 1047 2076 κάτω
1067 2012 1229 2093 μεταπίπ-

129 2137 223 2177 τοντα
251 2111 336 2195 παρά
367 2115 515 2177 τοσούτου
547 2118 581 2177 ἐκ
605 2118 661 2179 τοῦ
693 2112 844 2193 σύνεγγυς
873 2113 970 2177 ἐτίθει
990 2136 1023 2177 τε
1053 2110 1106 2175 καί
1135 2110 1225 2192 μάλα

129 2218 191 2277 τάν
211 2214 422 2295 ἐλπιζομένων
450 2208 596 2288 ἑκάστοις
624 2212 723 2279 ἐποίει
754 2214 788 2277 τὸ
821 2215 1016 2277 ἐπικίνδυνον
1047 2212 1123 2293 παρ’
1154 2206 1227 2273 ὅσον

86 2315 241 2397 αοπάρρω
265 2318 319 2378 καί
339 2313 473 2379 δύσελπι
495 2317 657 2399 τάσφαλές
684 2316 733 2398 (ἐν
753 2314 814 2396 γάρ
838 2314 1026 2399 διχοστασίῃ
1056 2314 1154 2396 φησίν
1174 2308 1229 2373 τόν

129 2416 188 2494 μὲν
207 2415 369 2497 πάγκακον
391 2410 562 2500 τυγχάνειν
583 2419 696 2499 τιμῆς,
730 2413 783 2479 τὸν
817 2418 851 2479 δέ
875 2412 929 2477 καί
960 2413 1108 2477 ύπωσούν
1133 2412 1229 2493 μετί-

130 2538 230 2596 χοττα
251 2517 309 2579 τού
328 2520 487 2599 βελτίονος
500 2516 628 2603 θρήνων
647 2514 784 2600 πάσχειν
806 2508 879 2594 άξια
899 2515 954 2580 καί
971 2516 1125 2600 τραγικάν
1147 2512 1230 2576 άπο-

132 2615 244 2680 λούειν
263 2620 326 2681 τάν
349 2620 562 2703 συμφοράν),
596 2619 660 2681 τάν
682 2622 858 2701 κρατίστων
890 2610 975 2681 εἶναι’
991 2636 1046 2697 μοι
1068 2612 1124 2679 τόν
1145 2605 1229 2697 ἦσά-

130 2739 203 2799 χιον
223 2714 328 2797 ἔδοξεν
347 2720 418 2798 βίον
438 2712 588 2801 ἐλέσθαι,
613 2722 676 2785 τῶν
700 2722 873 2801 βασιλικῶν
902 2718 1052 2807 άφεμένιρ
1076 2713 1228 2800 θεάτρων.

133 3006 245 3069 omitto,
272 3018 331 3055 cunr
356 3007 493 3073 angustias
524 3011 649 3075 temporis
668 3010 755 3061 vitare
775 3022 829 3058 non
848 3006 957 3073 possim.
1004 3005 1136 3073 Gregorus
1154 3006 1230 3058 refe.

133 3092 216 3129 rensc
239 3076 376 3143 equidem,
402 3078 508 3145 inquit,
535 3096 592 3131 cnm
621 3096 654 3131 ex
678 3080 760 3147 longo
782 3087 902 3144 tempore
927 3076 1083 3143 theologiae
1103 3079 1231 3143 mysteria

135 3148 163 3197 in
183 3161 232 3199 ore
251 3146 352 3199 habere
379 3164 434 3202 non
453 3150 531 3202 ualde
550 3152 691 3215 auderem,
718 3150 766 3203 sed
786 3164 876 3200 eorum
897 3157 923 3200 et
947 3150 1040 3199 lamam
1060 3156 1086 3199 et
1104 3149 1230 3200 iudicium

135 3217 289 3283 horrerem,
315 3221 401 3272 statim
427 3230 549 3289 tanquam
579 3223 613 3274 ab
635 3223 699 3288 igne
718 3237 761 3271 me
786 3221 899 3271 removi.
936 3236 995 3271 nam
1014 3219 1059 3270 ubi
1080 3221 1181 3287 magnis
1204 3227 1231 3271 et

135 3290 216 3341 valde
235 3290 319 3343 doctis
334 3294 554 3359 praeceptoribus
568 3293 642 3344 illius
661 3291 794 3344 ecclesiae
813 3286 1066 3344 administrationem
1080 3300 1109 3343 ut
1122 3292 1229 3344 omnino

137 3370 295 3414 excuterent
312 3366 419 3428 accidit,
439 3380 528 3416 nonne
548 3372 640 3429 aperte
665 3364 841 3414 insaniremus
868 3364 889 3415 si
917 3364 982 3415 talia
1008 3369 1122 3415 tractare
1139 3364 1229 3415 velle.

136 3447 204 3495 mus,
225 3448 338 3485 eumne
357 3438 441 3501 pauca
456 3435 566 3557 puidam
586 3448 676 3485 eorum
696 3451 765 3502 quae
784 3434 827 3485 illi
846 3436 950 3487 discere
966 3436 1140 3500 potuerimus.
1187 3442 1230 3485 at.

138 3518 190 3568 que
207 3511 237 3554 ut
254 3506 306 3555 mei
325 3508 429 3557 ratione
476 3506 545 3558 abita
564 3505 671 3572 plenius
692 3520 839 3573 exponam,
861 3522 913 3573 quo
933 3508 1019 3557 animo
1040 3506 1167 3572 paulatim
1186 3506 1230 3557 ul-

139 3573 226 3624 lectus
244 3576 293 3627 sim
311 3578 339 3627 in
357 3577 411 3627 tale
435 3586 513 3630 antea
541 3587 700 3643 conceptum
718 3579 901 3645 propositum,
931 3592 1008 3639 curn,
1035 3584 1139 3627 mortuo
1158 3578 1231 3629 divi.

138 3644 247 3696 nissimo
269 3655 295 3697 et
312 3646 390 3698 beato
408 3659 483 3715 patre
505 3658 560 3714 tuo,
580 3648 654 3701 claro
673 3649 722 3701 illo
742 3665 818 3716 rege,
837 3664 880 3699 ros
901 3650 1061 3699 Graecorum
1082 3648 1110 3697 in
1128 3646 1229 3697 tumul.

138 3725 193 3768 tum
212 3715 320 3767 civilem
339 3719 533 3771 adducerentur
553 3730 580 3771 ct
597 3721 692 3773 lluctus
709 3721 850 3772 miserrimi
869 3720 896 3769 in
915 3718 1005 3769 divine
1026 3717 1159 3769 ecclesiae
1178 3720 1228 3770 do-

139 3793 226 3855 gmata
244 3800 446 3854 prorumperent
465 3800 492 3842 et
510 3791 585 3843 velut
603 3801 696 3843 coorta
717 3798 876 3857 tempestate
896 3798 922 3841 et
947 3797 1027 3841 nocte
1045 3791 1131 3841 omnia
1150 3799 1230 3842 tene.

139 3858 195 3911 bris
214 3867 305 3908 essent
323 3860 452 3924 involuta,
471 3863 508 3912 ita
527 3870 565 3926 ut,
584 3864 654 3930 quod
673 3863 756 3932 vulgo
777 3864 867 3913 dicere
888 3860 995 3925 solent,
1014 3876 1103 3922 nemo
1122 3878 1137 3913 e
1156 3863 1230 3913 side-

139 3930 213 3982 ribus
233 3928 365 3994 colligere
386 3940 494 3996 posset,
524 3948 576 3999 quo
596 3935 724 3999 ferretur,
745 3948 857 4000 cumque
877 3934 964 3984 omnia
983 3934 1121 4000 surgentia
1142 3941 1168 3985 et
1183 3948 1231 3983 ca.

139 4000 230 4051 dentia
252 4008 361 4051 eatenus
381 4015 428 4067 pro
448 4004 637 4055 coniunctione
656 4008 804 4057 excitarent
823 4012 850 4055 et
867 4006 979 4055 maximo
1000 4020 1041 4067 ee,
1068 4020 1137 4071 quae
1156 4004 1232 4070 qais.

140 4087 192 4140 qne
211 4080 350 4139 speraret,
375 4074 403 4124 in
427 4073 573 4140 periculum
604 4085 747 4141 vocarent,
766 4084 895 4144 quatenus
918 4083 1020 4127 remota
1049 4084 1075 4125 et
1094 4076 1233 4140 desperata

141 4152 214 4207 osset
230 4144 312 4204 selas.
349 4160 409 4201 nam
426 4147 455 4201 in
472 4145 582 4200 serlione
611 4149 745 4217 aitpoeta
766 4148 909 4216 pessimum
929 4162 1035 4219 quoquo
1054 4146 1161 4215 assequi
1180 4144 1232 4199 ho.
