3017 4759
314 223 363 305 66
486 235 488 247 “
631 222 857 299 NlOEPHORl
890 218 1122 297 ouuooltlt

314 399 383 469 sats
402 387 530 469 ἀτόποις
560 395 788 477 καινοφιονιάις
819 388 936 455 αότῶν.
990 389 1138 467 τέταρτον
1157 386 1216 463 μὲν
1236 374 1294 448 σόν
1313 376 1420 447 αἴτιον

314 495 372 559 soti
394 493 430 557 σὲ
452 492 617 579 βαρότερα
643 488 719 576 πρός
744 494 808 557 τῶν
833 489 998 569 δυσσεβιόν
1014 484 1212 571 ὑφίστασθαι
1234 484 1327 549 τοῦτο
1349 505 1420 566 φα-

314 596 383 663 σίν·
423 596 638 677 ,προστιθέασι
658 595 693 656 δὲ
716 592 770 661 καί
791 596 931 671 πέμπτον
953 584 1008 656 ἐπί
1037 586 1182 665 τοότυις,
1203 578 1248 648 ότι
1270 605 1418 666 προειρη-
1455 584 1459 589 ’

317 692 418 761 κότων
442 692 568 761 ἐκείνων
590 695 624 759 ἐκ
645 693 699 775 τῆς
721 694 783 759 ταῖν
801 688 951 773 συνήθων
976 688 1107 772 διείρων
1130 686 1262 759 Πυθίας
1283 685 1339 749 καί
1360 685 1419 746 τοῦ

251 828 253 837 ·
316 793 409 877 σφῶν
429 789 573 859 τοιοότυυ
595 794 749 874 μανιικοό
770 793 943 873 τρίποδος,
971 788 1014 864 ὥς
1043 792 1074 855 τί
1102 794 1169 862 τοῖς
1188 788 1279 869 σφόν
1298 776 1443 866 douln-5

204 900 227 963 .'
316 917 397 979 μασι
417 890 605 974 πειθόμενος
627 891 643 955 δ
666 886 819 974 βασιλεῦς
835 893 908 974 θείη
929 885 1100 973 παρελθόν
1121 885 1175 955 tui
1191 890 1246 969 τῆς
1263 886 1420 965 μυστικῆς

229 1016 232 1027 ’
317 996 375 1059 τοῦ
404 993 638 1077 θυσιαστηρίου
670 992 826 1076 τραπέζης
858 989 914 1055 τόν
944 992 1099 1074 σφέτερον
1135 988 1252 1068 τόμον,
1279 984 1440 1069 λήψεταί

319 1093 410 1160 πάντ’
434 1080 468 1158 όν
489 1097 611 1175 βραχεῖ
625 1092 711 1159 τότε
734 1088 798 1179 ἑῷα
820 1095 875 1175 τῆς
896 1095 953 1173 γῆς
975 1092 1031 1157 καί
1052 1088 1092 1154 τό
1112 1085 1256 1170 ἑσπέρια,
1278 1084 1333 1150 καί
1355 1084 1420 1148 uei-

318 1216 378 1278 σης
400 1183 488 1275 όρξει
505 1190 618 1274 σχεδόν
633 1190 800 1275 θαλάσσης
820 1188 888 1272 όμα
906 1189 962 1256 καί
975 1193 1049 1273 γῆς,
1070 1191 1220 1274 ἐμφανῶς
1242 1184 1421 1254 τόνανταό-

319 1318 399 1361 τατα
422 1288 548 1373 μάλιστ’
577 1288 712 1376 εἰρήναις
734 1289 853 1372 αότός,
875 1291 955 1357 κατὰ
988 1288 1045 1375 την
1078 1286 1282 1377 εόαγγελικην
1308 1282 1419 1371 φωνην
1431 1305 1461 1357 10

319 1390 373 1461 τόν
396 1391 486 1476 λόγον
508 1391 711 1476 πραενεγκαόν,
735 1392 777 1468 τός
804 1385 881 1457 όταν
905 1390 994 1476 ἴδητε
1023 1391 1057 1458 τό
1082 1392 1246 1471 βδέλυγμα
1268 1386 1422 1471 τῆςεέρη-

319 1498 452 1576 μωόεως
474 1487 573 1567 ἑστώς
595 1494 628 1557 ἑν
651 1490 735 1581 τόπρι
760 1493 856 1581 όγίρι,
887 1493 1076 1577 ἐρημώσεως
1104 1491 1266 1571 βδέλυγμα
1289 1484 1421 1575 φάσκων

321 1594 377 1661 τόν
399 1592 507 1675 τόμον,
528 1590 696 1677 γινώσκετε
719 1589 767 1662 ότι
787 1587 912 1678 ἤγγικεν
934 1588 952 1676 ἦ
976 1592 1137 1677 ε’ρημωσις
1157 1591 1220 1655 ταῖν
1236 1589 1424 1669 Ῥωμαϊκῶν

255 1707 311 1759 8⁰
323 1690 531 1777 πραγμάτων,
553 1697 607 1759 καί
627 1693 726 1771 εἴτις
747 1692 797 1780 εἴη
818 1698 1006 1779 περίχωρος.
1049 1696 1223 1773 βλέποντας
1246 1683 1304 1753 υόν
1325 1684 1424 1761 costr

323 1792 402 1859 κατὰ
425 1789 526 1867 πόδας
562 1795 660 1861 εἰπεῖν
694 1794 919 1878 ἀπαντήσαντα
948 1798 1006 1858 τοῦ
1036 1817 1069 1859 τε
1098 1796 1253 1877 σφετέρου
1280 1790 1463 1871 ψεύδουςοδ

322 1892 377 1959 τόν
391 1888 519 1976 ἔλεγχον
534 1893 590 1961 καί
604 1888 672 1975 όμα
687 1899 725 1980 τη“
727 1920 740 1969 ς
759 1896 817 1977 σῆς
833 1894 986 1979 α’ληθείας
1002 1893 1036 1960 τό
1049 1894 1175 1977 κρότος,
1196 1894 1306 1957 ἕπεται
1322 1914 1427 1956 κατα-.

276 2076 287 2091 .
324 1988 461 2057 δόισθαι
478 1989 529 2060 εἶπ’
553 1995 705 2079 αἰσχύνης
721 1994 852 2076 αότοός,
875 1996 933 2058 σόα
953 1994 1085 2078 ἔχοντας
1100 1992 1178 2069 όλως
1199 1990 1332 2061 ἑστῶσιν
1348 1986 1426 2071 όρόν

326 2090 510 2178 ὀφθαλμοῖς
529 2098 663 2173 οδδίνας
684 2095 881 2181 ἀνθρώπων,
903 2090 978 2164 οότε
998 2094 1100 2175 στόμα
1121 2094 1200 2175 μετό
1221 2116 1255 2175 γε
1275 2095 1329 2175 τῆς
1351 2088 1426 2173 πρὶν

327 2194 491 2273 ἀναιδείας
505 2198 624 2281 ἐκείνης
639 2195 866 2283 φθεγγόμενον.
896 2199 946 2262 διδ
968 2201 1023 2263 καί
1037 2196 1153 2265 “δευ”τε
1169 2197 1224 2263 καί
1236 2188 1424 2273 όξολοθρεό.

325 2316 432 2375 σωμεν
454 2295 572 2363 αότόν”
594 2297 736 2380 λέγοντες
747 2345 758 2376 ,
780 2296 919 2382 σιγυόσοις
942 2297 1107 2378 διιλίζυυσι
1129 2295 1235 2373 δεξιός
1257 2284 1335 2359 κατό
1355 2293 1465 2376 συό,λθ

327 2396 416 2464 δυοῖν
447 2394 583 2479 θότερον
615 2398 878 2481 συσκευάζοντες,
911 2396 931 2483 ἢ
958 2403 996 2485 τῇ
1025 2398 1110 2486 λόπη
1131 2400 1353 2482 δαπανηθέντα
1378 2417 1425 2475 σε,

326 2491 405 2577 μετό
417 2517 453 2579 γε
473 2499 534 2561 τῶν
553 2495 703 2581 ουνηθων
724 2498 828 2566 πόνων
848 2504 904 2583 τῆς
924 2502 1066 2587 κεφαλῆς
1089 2502 1145 2565 καί
1166 2507 1220 2582 τῆς
1242 2489 1346 2569 ἄλλως
1369 2498 1426 2559 νῦν

328 2590 552 2683 ἐπενεγθείοης
569 2619 620 2661 σοι
642 2600 800 2680 καχεξίας,
818 2601 874 2688 βίρ
898 2602 1083 2684 τελευτῆσαι
1100 2598 1155 2663 τόν
1177 2601 1258 2680 βίον,
1280 2589 1300 2679 ἢ
1321 2595 1426 2683 λόθρρ

329 2826 377 2879 riis
398 2826 430 2878 ab
449 2828 537 2895 impiis
556 2829 695 2895 alliciaris,
714 2831 836 2884 afferunt.
875 2833 992 2901 quintam
1005 2848 1071 2885 vero
1091 2834 1197 2897 addunt,
1215 2832 1296 2899 quod,
1315 2830 1374 2882 istis
1393 2845 1427 2881 ex

330 2896 418 2950 solitis
437 2901 598 2952 somniorum
609 2904 744 2954 vaticiniis
766 2911 793 2953 et
813 2903 918 2970 tripode
937 2919 985 2956 suo
1007 2904 1118 2956 fatidico
1136 2902 1362 2972 praedicentibus,
1375 2901 1425 2951 im.

331 2976 491 3037 peratorem‚
518 2971 539 3023 si
560 2974 615 3039 suis
636 2973 757 3026 consiliis
777 2973 920 3026 obsecutus
942 2976 1014 3041 adyti
1032 2974 1109 3027 altari
1129 2982 1320 3028 suumtom'nm
1338 2974 1425 3037 impo-

298 3108 302 3113 .
331 3043 439 3105 suisset,
459 3042 535 3094 brevi
555 3046 717 3111 orientales,
738 3054 765 3097 et
783 3045 964 3097 occidentales
986 3044 1075 3113 partes
1100 3055 1188 3099 terrae
1208 3054 1344 3111 capturum
1368 3058 1425 3093 om-

330 3112 427 3179 nisque
447 3112 505 3164 iere
522 3118 602 3167 maris
623 3126 650 3169 et
670 3126 758 3169 terrae
777 3119 916 3185 imperinm
934 3118 1143 3185 impetraturum,
1161 3126 1190 3169 tu
1208 3117 1349 3168 manifesto
1360 3130 1425 3165 oon-

332 3182 414 3233 traria
431 3196 544 3249 prorsus
559 3190 776 3251 pronuntiaveris
795 3190 940 3241 secundum
959 3188 1143 3257 euangelicam
1162 3202 1256 3239 vocem
1270 3186 1426 3253 verbapro-

333 3252 439 3303 lenens:
460 3256 581 3321 „quando
602 3256 726 3307 videbitis
747 3259 970 3312 abominationem
990 3259 1167 3312 desolationis
1190 3267 1301 3311 stantem
1321 3258 1349 3307 in
1367 3257 1426 3309 loco

333 3329 425 3403 sancto
446 3323 684 3390 (abominationem
709 3337 797 3380 autem
823 3331 997 3382 desolationis
1022 3330 1177 3397 appellabas
1204 3332 1334 3398 tomum),
1362 3320 1427 3393 cog-⁰

331 3399 446 3475 noscite,
466 3396 683 3465 appropinquare
701 3400 806 3465 imperii
826 3401 937 3452 Romani
957 3401 1151 3453 desolationem
1173 3408 1200 3451 et
1220 3401 1358 3463 cuiusvis,
1384 3398 1428 3465 qui

237 3515 241 3523 x
295 3510 299 3515 .
334 3464 440 3515 vicinus
461 3466 537 3515 erit.“
577 3482 655 3533 quum
674 3469 755 3537 igitur
775 3472 899 3536 videant,
924 3472 1114 3524 refutationem
1143 3487 1249 3524 suorum
1274 3470 1427 3521 mendacio-

333 3548 391 3585 rum
414 3550 428 3584 e
447 3535 563 3603 vestigio
583 3538 660 3606 sequi
681 3548 707 3590 et
725 3549 831 3593 tuorum
850 3545 979 3595 dictorum
998 3546 1108 3607 veritas,
1128 3558 1204 3612 quam
1225 3544 1261 3595 sit
1280 3540 1369 3593 valida
1387 3548 1427 3590 at-

279 3660 293 3674 ,
334 3620 386 3671 que
408 3604 512 3670 eidcax,
531 3621 585 3659 non
604 3609 738 3677 ignorent,
759 3614 879 3681 sequitur
897 3615 969 3680 iam,
996 3622 1025 3665 ut
1043 3629 1108 3681 prae
1128 3614 1229 3681 pudore
1249 3628 1311 3665 sese
1336 3612 1429 3663 abdant

332 3677 361 3727 in
381 3677 524 3758 occultum,
544 3687 572 3730 ut
592 3682 637 3748 qui
659 3685 765 3734 omnino
785 3698 839 3735 non
859 3688 940 3738 rectis
965 3694 1046 3754 atque
1070 3686 1131 3737 fixis
1160 3684 1246 3737 oculis
1274 3696 1429 3753 quemquam

334 3747 473 3811 adspicere
490 3762 647 3816 neque-ore
665 3755 794 3819 pristinae
819 3757 999 3823 impudentiae
1025 3756 1170 3807 uociferari
1190 3756 1302 3822 possint.
1349 3768 1429 3823 qnare

334 3816 494 3871 clamantes:
516 3822 605 3889 „agite
624 3822 699 3887 dum,
718 3826 899 3894 disperdamus
919 3826 1010 3878 eum!“
1030 3829 1109 3878 armis
1130 3834 1223 3878 contra
1243 3828 1370 3883 teotacite
1387 3825 1430 3873 in-

334 3894 439 3941 struunt
458 3890 573 3955 dextras,
592 3891 706 3945 alterum
725 3912 760 3947 ex
778 3896 880 3950 duobus
899 3906 1042 3965 parantes,
1071 3907 1100 3950 ut
1119 3906 1164 3949 aut
1182 3884 1320 3949 maestitia‘
1335 3894 1429 3948 simul-

335 3972 388 4025 que
408 3961 503 4025 capitis
523 3963 671 4028 doloribus,
691 3966 787 4033 quibus
807 3969 930 4021 λαλιοτοτε
951 3967 1024 4021 soles
1045 3976 1071 4019 et
1089 3969 1159 4020 mala
1179 3968 1355 4031 valetudine,
1382 3980 1438 4033 qna

332 4034 541 4097 nannetensis,
561 4034 700 4089 coniectus
721 4046 747 4089 et
764 4040 918 4108 absumptus
936 4041 963 4091 vi
983 4040 1059 4105 finias
1078 4032 1170 4104 vitain,
1192 4048 1237 4090 aut
1255 4047 1285 4090 ut
1308 4035 1431 4090 nonnulli

333 4114 426 4165 eorum
445 4101 535 4175 furtim
553 4106 713 4179 irrepentes,
733 4124 829 4183 magna
839 4111 985 4167 solitudine
1003 4100 1077 4165 tuum
1090 4110 1254 4167 domicilium
1269 4109 1430 4175 obtinentes,
