3017 4759
322 283 402 370 ’νιν
476 293 482 303 ’
515 363 520 371 ,
624 291 853 367 υισευιοοει
887 286 1118 363 ermom

259 468 315 524 u
326 462 502 530 άδέσποτον
514 452 674 545 πεφυκόσι
694 454 752 523 τόν
766 451 902 540 τρόπονς
926 450 1032 539 ὥσπερ
1046 448 1109 535 γάρ
1130 450 1283 530 addiscis
1302 443 1431 534 άνδρά-

325 587 395 627 πων
409 560 545 641 ου’δεμία
563 580 609 633 τις
631 560 694 623 τάν
714 556 876 640 άπάντισν,
896 555 939 631 ὥς
952 552 1088 641 εἴρηται,
1107 543 1184 634 ὄψις
1213 548 1363 639 άνάγκην,
1385 542 1431 626 οἷς

326 655 368 731 άν
389 665 424 729 ἐκ
443 664 502 727 τοῦ
525 660 716 744 παρήκοντος
736 661 910 742 γινομένοις
933 654 1002 743 όρηῖ,
1025 656 1160 741 μηδαμῇ
1187 652 1296 737 ε’πάγει
1317 651 1430 733 βιαίαν

326 762 490 844 οάδεμίαν,
507 755 696 844 οόττοςΙοόδ’
717 758 737 843 ἦ
760 761 818 828 τοῦ
831 759 912 823 θεοῦ
926 753 988 821 εἴτε
1003 757 1183 842 πρόγνωσιν
1204 758 1305 837 λέγειν
1327 750 1430 835 χρεοόν

238 880 244 893 ⁴
300 887 315 931 ,·
326 862 389 929 εἴτε
401 866 527 946 γνάσιν,
538 851 584 935 οἷς
601 858 662 946 ὁρᾷ
679 863 883 943 γιγνομένοις,
899 856 937 922 ου’
947 855 1054 941 βίαιον
1067 853 1177 938 ἐπάγει
1190 854 1318 920 σι’δέσιν
1328 854 1455 937 ου’δέν,5

328 964 398 1030 oo’d'
423 960 541 1045 άνάγκη
561 964 675 1026 δουλοῖ
693 958 748 1044 τὴν
767 953 852 1038 άπαξ
871 958 926 1023 ὑπ’
940 958 1039 1023 edroi
1063 958 1233 1039 δεδομένην
1246 958 1431 1040 ἐλευθερίαν

328 1074 395 1143 τοῖς
412 1062 607 1149 πράγμασιν.
641 1065 690 1129 ἐπ’
712 1058 783 1145 ἴσης
805 1058 865 1146 γάρ
890 1056 998 1135 όδεός
1017 1056 1079 1144 δρᾷ
1099 1054 1137 1123 τά
1160 1054 1310 1142 γινόμενά
1323 1078 1358 1121 τε
1377 1058 1431 1119 καί

327 1166 535 1251 γενησόμενα,
556 1166 612 1230 καί
625 1162 719 1227 οόόέκ
736 1162 859 1243 μάλλον
874 1161 963 1247 crisci
980 1159 1067 1243 παρά
1083 1154 1218 1242 θάτερον
1234 1152 1380 1240 θάτερον,
1398 1158 1430 1221 έν

328 1270 366 1353 τῇ
379 1264 538 1349 Ιἁπλότητι
560 1266 663 1346 μένων
674 1264 723 1328 ἐπ’
739 1260 811 1346 ἴσης
832 1260 927 1337 αότός
949 1264 1007 1327 τοῦ
1019 1264 1175 1347 σφετέρου
1191 1262 1342 1345 διηνεκάς
1364 1260 1431 1323 ένε-

327 1370 461 1443 στάτος·
509 1365 565 1433 καί
593 1365 711 1447 ὁμοίως
742 1364 797 1429 αἐί
822 1360 857 1426 τό
870 1412 876 1421 .
890 1364 1057 1444 δεδομένον
1083 1357 1231 1436 Ιἑκάστοις
1262 1361 1428 1425 ε’νδιδοοσιν
1440 1372 1471 1425 10

327 1466 546 1546 αότεξοόσιον.
589 1466 640 1531 διό
666 1465 722 1530 καί
752 1466 850 1530 ου’δέν
880 1470 1014 1547 μᾶλλον,
1038 1463 1082 1537 οἷς
1104 1459 1243 1547 εἴρηται,
1266 1465 1365 1547 φαίης
1388 1450 1427 1525 άν

328 1565 477 1635 τὸνθεόν
498 1570 638 1652 προορᾶν
661 1567 773 1634 τεκαί
792 1562 1020 1650 προγινάσκειν
1042 1560 1064 1649 ἢ
1083 1562 1163 1648 δράν
1185 1560 1242 1629 καί
1253 1562 1429 1647 γινάσκειν,

262 1697 276 1742 s
328 1672 387 1735 τοῦ
415 1670 567 1751 χρονικοό
595 1665 822 1756 παρφχηκότος
857 1662 926 1748 άμα
959 1670 1014 1733 καί
1042 1668 1212 1747 μέλλοντος
1239 1664 1290 1731 ἔνι’
1317 1687 1353 1748 γε
1388 1662 1431 1749 τῷ

331 1769 440 1857 τρόπφ
461 1772 576 1843 τελέως
597 1765 746 1832 ἐντεῦθεν
779 1768 1001 1849 ἐξωθουμένου
1027 1767 1082 1833 καί
1105 1764 1218 1850 χάραν
1239 1764 1326 1853 αὐτῷ
1351 1786 1433 1849 προ-

330 1868 492 1954 σηκουσαν
512 1870 668 1950 οὐδεμίαν
689 1864 817 1955 οόόομῇ
838 1870 1089 1953 ἒφευρίσκονεος.
1142 1882 1146 1890 “
1444 1872 1475 1927 15

266 1974 321 2030 56
439 1973 482 2034 Τι’
498 1971 603 2034 τοίνυν
625 1972 659 2043 ἐς
695 1963 730 2033 τό
765 1967 872 2032 eodm
894 1964 991 2043 αότός
1019 1970 1207 2054 παρεξόγεις
1228 1965 1268 2031 τά
1291 1970 1348 2031 τοῦ
1370 1991 1436 2032 πα-

335 2069 406 2156 τρός
427 2071 623 2156 ἐγκλήματα,
644 2072 810 2154 σφαλερός
838 2070 981 2145 διανοίας
1007 2062 1154 2155 εόφημόν
1182 2092 1253 2133 τινα
1276 2065 1334 2150 την
1352 2068 1435 2133 άπο.

331 2170 477 2259 στροφὴν
491 2166 801 2257 άντιμηχσνάμενος,
826 2170 882 2236 καί
902 2170 1004 2254 λόγοις
1024 2167 1197 2254 άπαιηλοῖς
1212 2166 1293 2255 πρός
1305 2167 1338 2233 τό
1356 2173 1439 2249 βου-

330 2270 462 2355 λόμενον
484 2270 632 2349 σπεόδεις
659 2274 864 2352 μετατιθέναι
886 2262 930 2336 οἷν
954 2268 1015 2354 την
1037 2268 1167 2337 κόλασιν
1190 2268 1294 2355 ἔργοις
1315 2274 1437 2345 ἐκεῖνος

202 2372 225 2428 ί·
237 2372 444 2460 115ῐ·άφε”ξει
460 2376 502 2463 τῷ
514 2378 660 2454 βλέποντι
677 2371 732 2438 καί
746 2376 905 2457 κρινοῦντι
917 2372 993 2459 θεῷ.
1008 2368 1113 2457 φυγάς
1124 2370 1186 2456 γάρ
1202 2369 1366 2455 ἐθελοντὴς
1380 2372 1480 2449 τοῦλθ

333 2478 412 2541 θεοῦ
433 2474 586 2559 γεγονοός,
617 2475 675 2539 καί
700 2475 790 2563 udde
821 2474 1018 2558 προσκαίρου
1050 2472 1151 2558 τάχης
1178 2472 1232 2537 καί
1261 2469 1353 2556 δόξης
1375 2475 1437 2536 τοῦ

334 2578 427 2641 θείου
449 2559 555 2659 φάτός
579 2574 700 2639 ἐκείνου
723 2572 936 2660 άπερρυογάς,
966 2576 1041 2657 παρ’
1071 2568 1147 2641 όσον
1163 2576 1308 2655 ἐπίδοξον
1330 2565 1438 2655 ὄνομα

332 2673 388 2741 διά
413 2677 471 2760 γῆς
494 2672 672 2742 έσποόδακε
692 2676 853 2761 σπείρειν,
882 2673 969 2761 παρά
999 2676 1149 2741 τοσοῦτον
1180 2668 1292 2754 ἄδοξον
1312 2673 1440 2757 στάχυν

334 2973 424 3027 futuru
440 2977 502 3025 sunt
515 2969 613 3037 omnio,
625 2971 758 3040 quomodo
774 2970 847 3023 dicct
861 2970 998 3040 qnisquam
1011 2970 1055 3024 dei
1069 2971 1201 3026 visionem
1218 2977 1245 3024 et
1255 2970 1444 3041 cognitionem

333 3045 417 3100 ulium
436 3044 532 3097 aiierro
551 3045 741 3096 necessitatem
759 3044 793 3095 iis
814 3058 883 3112 quoe
901 3051 962 3097 neta
984 3040 1071 3096 libero
1084 3059 1136 3095 nec
1155 3042 1212 3096 ullo
1231 3044 1367 3097 dominatu
1388 3044 1443 3097 ob..

333 3114 429 3170 'stricto
452 3116 546 3167 ordine
564 3116 748 3183 perficiuntur.
785 3123 814 3166 nt
834 3114 903 3167 enim
928 3114 1064 3167 hominum
1083 3114 1199 3167 omnium
1217 3115 1293 3167 nuile
1311 3116 1384 3168 visio
1407 3117 1444 3167 iis

334 3187 405 3255 quoe
422 3187 450 3237 in
468 3186 605 3253 praesenti
625 3187 684 3238 deri
704 3194 867 3251 cernuntur,
894 3186 931 3237 ita
949 3201 1001 3239 ncc
1019 3187 1063 3239 dei
1082 3189 1268 3256 praecognitio
1290 3188 1350 3241 sive
1370 3200 1444 3255 cog.

333 3259 402 3309 nitio
423 3257 456 3309 iis
476 3272 545 3323 quae
559 3258 626 3308 fiunt
643 3255 726 3308 ullum
742 3274 857 3327 unquam
876 3257 931 3310 vim
951 3258 1028 3309 affert
1045 3274 1097 3309 nec
1114 3260 1269 3311 necessitati
1286 3257 1444 3311 libertatem

334 3325 418 3386 semel
437 3328 522 3378 dutum
543 3327 660 3379 subiicit.
697 3328 822 3381 similiter
844 3330 914 3381 enim
932 3331 997 3382 deus
1021 3346 1063 3395 ea,
1083 3346 1151 3399 quae
1171 3331 1237 3383 fiunt
1256 3336 1283 3381 et
1304 3344 1374 3398 quoe
1396 3330 1444 3379 in.

333 3406 394 3450 turn
413 3406 474 3451 sunt
492 3400 588 3462 cernit,
609 3397 686 3451 nullo
706 3400 858 3453 discrimine
877 3402 1047 3469 interposito,
1066 3403 1166 3471 quippe
1185 3404 1229 3471 qui
1253 3402 1281 3454 in
1305 3400 1444 3467 simplici-

334 3478 389 3523 tate
403 3470 572 3536 praesentiae
592 3484 656 3521 suae
676 3473 803 3524 continuo
823 3480 985 3539 permanent.
1022 3474 1059 3526 ita
1074 3475 1153 3525 etiem
1165 3473 1317 3526 libertatem
1341 3472 1445 3540 cuique

335 3542 422 3593 datam
438 3556 572 3609 nunquam
590 3556 646 3591 non
665 3543 798 3596 concedit.
835 3544 946 3608 idcirco,
965 3552 994 3595 ut
1012 3544 1077 3610 dixi,
1095 3560 1147 3597 nec
1167 3545 1311 3612 providere
1331 3552 1358 3595 et
1374 3557 1445 3611 pro-

335 3628 503 3681 cognoscere
524 3613 611 3677 deum,
631 3629 708 3681 quam
726 3615 821 3666 videre
841 3622 868 3666 et
887 3629 1054 3683 cognoscere
1074 3615 1201 3668 malueris
1220 3616 1321 3667 dicere.
1360 3628 1446 3683 quum

334 3686 487 3754 praeteritis
507 3683 629 3737 simulet
647 3684 744 3738 futuris
762 3686 808 3754 qui
826 3685 902 3738 locus
921 3686 1072 3741 vindicetur
1091 3686 1182 3741 nullus
1200 3687 1364 3740 invenietur.

455 3781 525 3845 Quid
559 3781 642 3850 igitur
672 3797 688 3833 ε
729 3780 957 3834 criminationibus
987 3791 1089 3849 petrem
1119 3784 1151 3836 cd
1180 3784 1361 3835 innocentium
1396 3798 1447 3833 rc-

335 3864 418 3903 uocss
444 3852 548 3904 incerta
573 3855 708 3905 sententia
737 3869 796 3904 cum
832 3859 890 3904 erte
919 3854 1030 3922 quadum
1061 3855 1089 3905 in
1123 3863 1195 3907 tuam
1221 3870 1277 3907 rem
1307 3868 1390 3907 verse
1419 3859 1450 3903 et

335 3922 469 3977 rationum
495 3923 590 3976 froude
620 3924 653 3976 ud
686 3923 851 3976 voluntatem
880 3925 970 3977 studes
1004 3932 1106 3978 mutare
1137 3942 1169 3979 eu
1196 3927 1292 3996 quibus
1327 3936 1450 3992 poenum

335 3992 386 4047 ilie
414 3993 487 4045 dubit
514 3995 566 4046 deo
594 3996 640 4063 qui
668 3996 756 4047 cernit
775 4002 802 4046 et
826 3994 963 4049 diiudicat.
1007 4000 1105 4049 etenim
1130 4006 1226 4065 sponte
1249 3996 1381 4065 profugos
1401 3995 1451 4047 dei

336 4073 365 4120 et
384 4065 509 4117 fortunae
529 4065 632 4118 isustee
658 4066 817 4135 gloriaeque
842 4066 976 4121 desiderio
995 4070 1107 4135 ductus,
1135 4070 1169 4122 sb
1195 4069 1286 4123 divino
1311 4068 1361 4120 illo
1383 4068 1450 4119 viro

336 4138 491 4202 seiunctus,
527 4153 606 4207 quens
629 4137 777 4205 gloriosum
802 4152 900 4191 nomen
925 4147 1094 4206 perterreor
1123 4154 1216 4193 serere
1244 4140 1361 4204 studuit,
1393 4146 1453 4191 tam

336 4208 514 4283 ingloriosum
537 4224 652 4267 ευοεεοοι
679 4216 812 4281 perpetuo
837 4210 912 4267 iecit.
963 4212 1078 4269 consilio
1113 4226 1220 4287 temper
1251 4212 1398 4269 destitutus
1433 4223 1454 4271 ν
