3017 4759
285 250 358 331 sla
600 257 824 328 arctamur
855 254 1085 325 οοεεοκλο

284 449 366 503 στον,
389 422 461 489 ὅσω
480 429 684 510 προσωπεῖον
711 420 878 503 εὐλαβείας
910 418 1126 503 ὑποδυόμενοι
1144 416 1308 503 restanus
1326 416 1386 500 μὲν

284 530 319 591 ἐκ
340 529 460 590 πολλοῦ
475 524 672 610 παραδόντες
685 525 731 599 εἰς
749 518 822 596 τοὺς
843 518 950 607 ἱεροὺς
971 520 1112 596 ἐκείνους
1130 521 1187 584 τοῦ
1209 514 1317 604 ὄρους
1332 517 1385 582 τό-

284 652 373 705 πους,
395 628 451 691 καί
474 623 546 691 ὅσοι
564 627 627 689 τῶν
650 621 877 708 ἁπλουστέρων
890 622 960 685 ἐκεῖ
968 618 1103 695 πολλοὺς
1126 618 1241 703 εόςτὴν
1262 620 1389 685 οἰκείαν

284 729 398 813 ταύτην
420 725 662 811 παρασόραντες
687 719 841 808 μυσαρόιν
876 721 1015 807 αἵρεσιν,
1038 722 1193 807 ἐμφανεῖς
1222 723 1251 784 θ’
1277 720 1390 805 ἐγεγό-

284 852 393 893 νεισαν
412 829 598 911 τηνικαῦτα·
643 825 699 889 καί
720 823 846 890 πόντων
880 827 926 899 εἰς
947 824 1004 888 ἕνα
1027 846 1090 885 που
1111 821 1209 886 τόπον
1231 823 1305 885 ἐκεῖ
1325 846 1412 898 arv-5

284 929 486 1010 ταχθέντων,
517 927 572 992 καί
595 926 732 1014 όημοσίφ
754 928 810 1008 τῆς
839 926 953 999 κακίας
981 922 1203 1007 ἑληλεγμὲνης,
1232 919 1309 987 ὅσοι
1326 923 1390 1002 μὲν

286 1030 519 1116 ὦμαλογηκότες
545 1028 600 1114 τὴν
635 1022 758 1091 ἓαυταῗν
789 1026 990 1110 ἔξωμόσαντο
1019 1023 1152 1100 κακίαν,
1185 1022 1390 1107 παρέμειναν

288 1130 335 1196 ἔτι
358 1128 619 1215 συγχωρηθέντες
646 1126 734 1204 ὅπως
766 1134 834 1191 ποτ’
858 1127 965 1211 ἐκείνῳ
986 1127 1033 1210 τῷ
1053 1119 1142 1209 ὄρει,
1175 1121 1249 1188 ὅσοι
1278 1127 1308 1187 ‹l’
1339 1117 1390 1199 οὔ,

285 1232 398 1305 πάντες
416 1229 603 1313 ἐξώσθησαν
627 1225 750 1303 ἄκοντές
759 1235 798 1291 ’σε
821 1227 877 1291 καί
898 1223 955 1289 σόν
978 1224 1116 1311 ἀκοσμίᾳ
1139 1224 1240 1309 πόση,
1261 1219 1390 1307 πληνῆ

285 1329 356 1396 ὅσοι
386 1329 579 1412 ἐλελήθεσαν
609 1330 717 1413 σιωπῇ
745 1326 966 1411 καλυφθέντος
997 1321 1059 1388 ὅπό
1094 1326 1160 1387 τῶν
1178 1323 1429 1399 aeterternam

217 1431 339 1497 ”nal
364 1429 430 1514 ἅμα
465 1429 597 1495 κατόπιν
622 1431 656 1493 ἐκ
685 1431 748 1493 τῶν
775 1430 832 1493 τοῦ
867 1425 958 1511 αἷμὀυ
983 1420 1080 1511 ὅρους
1109 1424 1235 1509 ἀνδρῶν
1256 1425 1392 1490 ἐκείνων

287 1530 346 1597 rivel
369 1535 476 1596 πᾶσαν
506 1529 684 1598 πόλιν·καί
715 1532 813 1612 νῆσον
842 1525 1018 1612 περιῄεσαν
1045 1524 1181 1609 κήρυκες
1207 1527 1393 1611 γρόμματα

285 1632 475 1718 ἐπαγόμενοι
495 1631 593 1717 τήντε
603 1627 757 1716 μυσαράν
777 1628 880 1691 αὐτῶν
902 1626 1162 1690 όνακαλόπτοντα
1181 1627 1310 1712 αἵρεσιν
1331 1627 1391 1689 καί

285 1737 341 1818 τῆς
359 1732 462 1797 αὐτῶν
498 1732 700 1819 ἀφίστασθαι
722 1729 887 1793 κελεύοντα
911 1725 1039 1809 ὁμιλίας
1069 1728 1125 1791 καί
1144 1726 1324 1803 κοινωνίας,
1345 1731 1390 1791 δι’

286 1832 348 1899 ὅσα
368 1836 512 1899 τελοῦσιν
537 1830 666 1915 ἄθεσμό
686 1855 719 1895 τε
743 1833 799 1895 καί
827 1828 952 1915 ἔκφυλα
981 1830 1038 1894 καί
1059 1826 1164 1911 πάσης
1185 1828 1393 1913 ἀνοσιότητος
1403 1850 1433 1902 15

286 1933 390 2018 πλήρη
411 1934 704 2019 τερατουργήματα.
748 1934 932 1996 πιστοῦνται
961 1932 1024 2012 μὲν
1046 1925 1103 1994 οόν
1125 1928 1213 2015 αὐτῷ
1234 1926 1276 1993 τό
1298 1931 1393 2013 εἰρη-

285 2034 366 2116 μένα
386 2035 428 2120 τῇ
447 2037 509 2099 τῶν
531 2036 758 2098 Μασαλιαναθν
784 2031 907 2115 αἱρέσει
937 2029 1175 2116 συνειλημμένῳ
1208 2027 1271 2116 πρό
1296 2030 1393 2095 πλεί-

287 2158 370 2199 στων
393 2136 488 2199 ε’ταῖν·
533 2137 717 2199 πιστοῦνται
748 2136 778 2197 cl'
798 2132 845 2197 ἔτι
865 2135 987 2215 μᾶλλον
1020 2132 1076 2195 καί
1099 2130 1181 2217 ὅπερ
1203 2130 1287 2217 ὑπὲρ
1311 2126 1396 2196 ἑαυ-

285 2236 343 2297 τοῦ
362 2242 427 2311 τοῖς
447 2235 543 2310 ἰδίοις
571 2234 746 2320 προφέρειν
779 2233 922 2317 ἔξόγεται
950 2233 1091 2313 χείλεσιν
1122 2224 1221 2308 οὗτος,
1241 2228 1286 2307 οἷς
1306 2226 1397 2295 εἶναι

287 2333 398 2399 λοιπόν
421 2334 665 2421 όναπόόραστον
688 2334 814 2399 δίκτυον
843 2335 899 2398 καί
921 2335 1041 2419 παγίόα
1069 2331 1207 2418 στερρὰν
1227 2331 1311 2396 κατὰ
1332 2330 1438 2417 ripato

222 2438 278 2491 ²⁰
288 2434 464 2519 παροιμίαν
478 2432 519 2498 τὰ
540 2432 612 2498 ἴόια·
619 2434 722 2518 χείλη.
744 2435 948 2519 ἰσχυρίζεται
971 2431 1033 2519 γὰρ
1054 2426 1137 2495 εἶναι
1157 2433 1258 2518 πάντη
1274 2427 1396 2517 ψευδῆ

157 2538 176 2594 i·
189 2531 310 2597 2671).ιῖ
332 2532 412 2598 κατὰ
435 2534 614 2621 διαφόρους
638 2534 788 2619 φαίνεται
811 2534 1082 2620 κατηγορούμενος
1099 2530 1174 2609 τούς
1194 2529 1330 2617 καιροὺς
1348 2529 1396 2595 τὰ
1485 2597 1487 2604 ,

289 2633 383 2713 αόιό,
409 2636 465 2701 καί
486 2636 675 2700 όιατείνεται
693 2637 816 2718 μᾶλλον
836 2636 870 2713 ἔξ
891 2634 1083 2711 ἀντιθέσεως
1105 2633 1206 2720 λόγων
1226 2629 1270 2708 αὸς
1294 2628 1397 2707 αότός

914 2767 922 2792 λ
1010 2783 1014 2789 ,

289 2944 417 3013 scripturn
435 2952 544 2997 sanetae
570 2952 663 2999 nestra
687 2941 795 3014 synoda
807 2946 1108 3001 inttcevttlseminsttm
1133 2961 1230 2999 ornnes
1245 2954 1272 2997 et
1290 2946 1392 3015 singu.

289 3016 331 3068 los
350 3030 480 3085 quosque,
499 3018 545 3089 qui
566 3018 642 3070 vultu
661 3020 769 3085 pietatis
788 3019 872 3069 induti
895 3020 1004 3071 maltam
1023 3035 1072 3085 per
1090 3027 1194 3085 tempus
1215 3019 1323 3085 quidem
1341 3021 1392 3070 in.
1485 3035 1486 3048 ι

291 3089 393 3157 cogniti
413 3091 602 3141 sacramentis
628 3090 702 3141 illius
721 3087 782 3141 loca
801 3090 1038 3158 frequentaverant
1067 3098 1093 3141 et
1120 3091 1286 3142 indoctarum
1314 3090 1391 3141 rnnl.

195 3149 201 3171 ⁴
290 3168 331 3212 tos
352 3159 383 3211 ad
402 3160 520 3227 ipsorum
539 3160 679 3213 seelestam
705 3161 838 3213 haeresim
857 3162 1027 3225 seduxerant,
1059 3162 1106 3214 sed
1124 3176 1205 3230 quum
1223 3160 1390 3227 deprehensi

291 3238 382 3283 essent
409 3244 501 3281 omnes
530 3244 614 3281 unnna
639 3232 668 3282 irr
695 3232 783 3284 locum
812 3233 939 3285 conducti
961 3240 1022 3284 sunt
1041 3241 1068 3284 et
1090 3234 1135 3299 qui
1163 3248 1197 3283 ex
1215 3232 1257 3283 his
1277 3232 1391 3299 publice

290 3304 407 3368 ipsorum
427 3300 574 3357 sceleribus
598 3302 741 3355 declaratis
759 3320 790 3355 ea
808 3304 977 3367 elimarent,
1004 3303 1046 3355 his
1068 3318 1177 3354 manere
1196 3305 1332 3354 etiamtum
1359 3305 1390 3355 in
1485 3351 1486 3360 ,

290 3370 447 3423 monteillo
469 3372 680 3437 concedebatur;
713 3376 758 3443 qui
788 3390 926 3425 veronen
946 3374 1114 3438 elimarent,
1141 3374 1168 3423 lii
1187 3389 1261 3425 omes
1280 3374 1390 3440 expulsi
1485 3383 1486 3424 t

291 3450 351 3496 surrt
370 3443 447 3494 inviti
467 3450 570 3493 etcum
589 3445 660 3497 omni
679 3446 836 3512 ignominia,
858 3447 977 3511 exeeptis
997 3447 1047 3509 iis,
1067 3448 1112 3513 qni
1130 3453 1241 3511 prepter
1259 3446 1389 3496 conscio.

291 3528 347 3567 rum
368 3514 504 3566 silentium
522 3529 576 3565 non
600 3518 701 3583 cogniti
722 3524 805 3568 erant.
827 3516 959 3584 simulque
974 3525 1067 3583 postea
1087 3533 1102 3567 e
1121 3532 1199 3567 sacro
1218 3524 1308 3568 rnnate
1326 3532 1389 3567 nto.

293 3585 438 3639 pachorum
459 3600 607 3653 praecones
633 3594 689 3638 tota
717 3587 784 3638 urbe
804 3595 831 3638 et
849 3587 937 3639 insula
954 3589 1156 3651 discurrerunt,
1177 3588 1277 3653 scripta
1295 3586 1390 3640 divni-

193 3711 203 3718 ,
290 3665 384 3726 gentes
399 3674 468 3727 qua-e
488 3658 628 3710 scelestam
648 3656 755 3709 illarum
776 3659 900 3711 haeresin
930 3659 1092 3727 detegebant
1110 3666 1138 3711 et
1155 3674 1230 3709 usam
1250 3666 1277 3709 et
1295 3659 1389 3710 socie-

289 3738 371 3779 tatem
392 3729 499 3781 illornm
526 3739 552 3782 et
578 3745 646 3798 quae
677 3738 789 3797 agerent
816 3732 981 3796 mysteriosn
999 3746 1078 3797 quum
1102 3729 1211 3780 nelarie·
1231 3740 1260 3782 et
1274 3730 1390 3782 barbara

290 3798 370 3868 plena
389 3800 533 3866 impietatis
553 3809 645 3853 essent
672 3803 759 3853 vitare
776 3800 912 3852 iubebant.
959 3802 1026 3852 haec
1054 3802 1137 3868 igitar
1161 3803 1249 3852 omnia
1275 3802 1390 3853 demun-

290 3876 374 3921 strant
393 3869 531 3922 Callistum
550 3874 600 3923 iarn
619 3879 681 3923 a'nte
699 3871 791 3939 plures
809 3887 893 3925 annos
920 3873 947 3924 in
971 3868 1175 3943 liasalianorum
1192 3872 1303 3923 haeresi
1322 3887 1389 3924 ver-

290 3947 374 3992 satum
394 3955 473 4003 esae3
492 3942 574 3993 multo
594 3946 676 3996 satius
701 3943 834 3994 autemid
853 3945 1034 3996 demonstrant
1059 3959 1127 4011 quae
1151 3944 1211 4011 ipse
1227 3945 1285 3995 suis
1305 3942 1390 3995 labris

290 4013 323 4063 de
342 4027 371 4063 se
390 4010 512 4079 prolerre
531 4014 673 4078 perductus
694 4022 765 4077 erat,
782 4014 818 4064 ita
836 4022 866 4065 nt
888 4016 1032 4067 seeundum
1052 4014 1222 4081 proverbium
1241 4014 1390 4068 inevitabi-

290 4082 325 4133 lis
343 4082 471 4152 plagast
489 4084 613 4151 decipula
632 4086 705 4136 llrma
725 4085 795 4136 lacta
813 4085 867 4137 sint
885 4087 968 4152 ipsius
986 4086 1069 4139 labra.
1093 4095 1205 4153 apparet
1223 4087 1293 4137 eninr
1312 4084 1390 4140 deles

292 4166 356 4207 esse
370 4156 458 4207 omnia
481 4170 554 4226 quae
574 4156 689 4214 nrt-ersis
716 4156 881 4226 temporibus
909 4157 942 4210 ah
970 4172 1002 4209 ω
1024 4157 1087 4210 eliis
1112 4158 1171 4210 data
1189 4166 1253 4212 snnt
1268 4159 1389 4227 erimine,
