3017 4759
295 253 369 327 abu
526 290 536 297 ·
600 256 825 327 mcuauom
861 250 1093 323 uuuuoulu

296 420 376 503 πρὸς
397 418 455 505 τὴν
475 415 554 505 dyst?
573 423 781 504 συμπέπτωκε
804 419 1020 502 θεογνωσίαν,
1055 417 1108 479 ἳνα
1142 409 1264 495 δηλαδὴ
1294 410 1351 475 καί
1384 408 1402 473 ὃ

296 520 358 604 πρά
382 524 521 604 βραχέος
548 525 665 597 ἐκεῖνος
697 520 859 607 πεμφθείς
886 518 942 582 ὕπ’
972 516 1080 580 ου’τάν
1108 511 1189 577 κατά
1213 514 1276 576 τοῖν
1299 510 1333 575 ἐν
1356 512 1402 596 τῷ

298 614 367 707 ὄρει
388 621 490 710 τούτῳ
511 617 694 687 ἑαλωκότων
716 624 765 685 ἐπ’
797 618 976 705 ου’τοφτάριρ
1000 616 1224 680 Μοοαλιανοῖν
1253 614 1310 674 καί
1331 615 1403 692 Βο-

294 726 435 807 pourton
456 720 554 804 τόμος
575 720 828 806 θεατρικάτερος
850 722 987 802 γίνηται,
1013 719 1070 780 καί
1091 716 1166 777 πάσι
1189 716 1319 800 γνωσθῇ
1341 715 1403 794 τῆς

296 827 348 911 ἐφ’
368 820 453 889 οὕτω
473 828 556 908 μίγα
585 826 695 899 κακίας
717 821 1005 904 ἀναρριπισθείσης
1026 814 1179 899 αἱρέσεως
1204 812 1223 896 ἦ
1245 812 1331 899 ῥιζα.
1410 834 1427 887 5

231 941 286 995 51
396 922 555 1008 Μοναχάς
574 922 636 1008 γάρ
662 948 711 998 τις
733 926 796 988 τῶν
815 924 856 1010 τῷ
876 920 1021 1007 Σκορπίρι
1052 917 1154 1003 τούτῳ
1178 911 1403 999 άπηρετουμὲ-

296 1053 369 1108 νων,
390 1028 561 1109 τοάπίκλπν
575 1022 772 1108 Βαρδάριος,
794 1021 937 1086 θανάτου
952 1023 1068 1102 γείτονι
1085 1018 1218 1099 κάτοχος
1234 1009 1294 1099 ἤδη
1318 1012 1401 1102 νόσρι

294 1128 483 1213 γενόμενος,
514 1125 616 1192 ἔκειτο
646 1126 773 1206 κάμνων
803 1124 861 1188 καί
886 1144 1020 1204 μοριυις
1049 1120 1202 1202 αλγρδοοι
1232 1139 1267 1180 το
1302 1140 1401 1197 σωμα

296 1226 504 1310 κεντούμενος
526 1225 625 1294 άπαν.
682 1223 792 1290 ἔπειτα
814 1224 865 1310 ἐφ’
886 1218 978 1297 ὅλαις
999 1220 1135 1304 ἡμέραις
1168 1218 1267 1283 εἴκοσι
1290 1211 1404 1291 άοιτάς

296 1355 331 1398 τε
353 1329 407 1394 καί
430 1322 544 1403 άποτος
573 1329 739 1408 διαμείνας
761 1317 890 1410 άφωνος
908 1319 1025 1403 ἔκειτο,
1056 1324 1158 1385 πνίων
1179 1318 1337 1403 ὁσημέραι
1359 1315 1401 1383 τά
1414 1332 1444 1384 10

297 1434 438 1498 λοίσθια.
481 1430 538 1495 οάκ
572 1426 707 1511 ἔθνηοκε
730 1427 784 1506 δέ,
814 1422 895 1489 α’λλά
929 1425 964 1488 τά
986 1446 1019 1487 τε
1040 1425 1135 1503 σῶμα
1157 1418 1320 1502 ἓξυάγκωτο
1345 1418 1405 1481 καί

195 1558 198 1562 “
298 1536 407 1615 μακρά
428 1556 477 1607 τις
500 1531 644 1616 ε’πεχάθη
665 1529 880 1618 τῷπροοιάπιρ
901 1522 1089 1607 μελάνωοις.
1134 1524 1196 1603 dod
1219 1525 1254 1587 δὲ
1277 1525 1321 1608 τῷ
1344 1523 1405 1585 τοῦ

297 1636 483 1717 πράγματος
500 1630 673 1720 παραδόξῳ
696 1631 947 1711 καταπλαγέντες
969 1622 998 1689 οἱ
1021 1630 1076 1709 τῆς
1101 1627 1200 1707 μονῆς
1221 1625 1290 1687 ε’κεί
1305 1644 1406 1704 προε-

298 1733 463 1815 δρεάοντες
485 1724 597 1817 ἤροντο
616 1732 662 1816 μή
684 1755 716 1795 τι
737 1733 801 1794 τεάν
829 1730 917 1816 crispi
940 1729 1228 1813 πλημμεληθέντων
1250 1720 1406 1805 α’νεξαγά-

297 1856 409 1918 ρευτον
420 1836 454 1897 ἐν
463 1832 621 1912 θαλάμοις
636 1828 757 1918 κρύπτῃ
770 1831 914 1913 καρδίας,
936 1824 1058 1891 κᾶπειτ’
1076 1826 1176 1889 ednod
1193 1822 1367 1907 κηδόμενος
1388 1821 1445 1889 o‘ib

299 1932 377 2007 θεάς
392 1935 449 1996 οάκ
469 1935 506 2021 ε’ρῖ
519 1934 562 2020 τρῖ
584 1932 700 2018 αι’ωνίρν
717 1929 858 1995 θανόντα
873 1931 1008 2011 δοθῆναι
1024 1926 1111 2011 πυρί.
1137 1921 1155 1989 ὃ
1169 1927 1203 1989 dd
1218 1923 1326 2000 συνείς
1347 1927 1406 1987 καί

300 2035 416 2115 μικράν
438 2029 553 2116 διάρας
582 2033 655 2108 τοὺς
685 2030 878 2117 ὀφθαλμούς
909 2027 1025 2108 βύθιον
1046 2025 1212 2115 deciperis,
1235 2028 1291 2089 καί
1309 2023 1405 2105 μόλις

167 2156 290 2213 21301,
301 2132 430 2218 κινάσας
452 2131 511 2216 τὴν
531 2135 673 2214 γλῶτταν
693 2132 802 2196 τοιάδε
827 2132 934 2215 φησίν.
971 2125 1069 2194 “dirce
1097 2127 1155 2209 τὴν
1186 2124 1246 2207 πρὸ
1270 2124 1406 2189 δυοκαί-

302 2237 377 2300 δεκα
398 2232 477 2299 dedo
500 2237 656 2299 ἐνταυθοῖ
671 2235 843 2317 γενομένην
874 2229 1008 2296 σάνοδσν
1024 2231 1087 2295 ταῖν
1115 2232 1148 2293 ἑν
1170 2229 1213 2315 τῷ
1233 2220 1303 2310 ὄρει
1323 2228 1405 2315 τῷδε

187 2416 190 2423 Ι
302 2337 438 2421 ἀνδρῶν.
481 2332 551 2402 τότε
573 2338 678 2401 τοίνυν
697 2334 949 2409 ὑποπτευθέντος
971 2334 1026 2397 καί
1045 2334 1103 2397 τοῦ
1125 2332 1295 2415 Σκορπίου,
1320 2328 1447 2407 ἐραν-λθ

303 2441 414 2522 τηθείς
435 2433 497 2519 ε’νιά
510 2439 542 2501 εἰ
561 2438 694 2501 σύνοιδα
715 2435 804 2523 edroi
817 2438 955 2520 κοινωνῷ
976 2438 1132 2521 γενομένῳ
1146 2440 1212 2507 τοῖς
1232 2431 1404 2515 τηνικαῦτα

303 2538 417 2603 άλοῦσι
441 2541 668 2612 Μαοαλιανοῖς
695 2534 751 2601 καί
776 2536 967 2619 Βογομίλοις
989 2535 1152 2617 ἐνταῦθα,
1174 2529 1304 2616 ἔξαρνος
1332 2530 1405 2613 ἐμε-

305 2868 364 2906 τοαι
383 2860 411 2903 et
425 2851 521 2905 missus
541 2850 591 2905 ille
622 2851 703 2920 paulo
722 2860 785 2905 ante
802 2852 835 2905 ab
866 2853 901 2905 iis
920 2861 1013 2905 contra
1037 2850 1159 2905 homines
1183 2853 1211 2904 in
1238 2859 1328 2904 monte
1349 2850 1402 2904 hoc

305 2923 488 2992 deprehensos
511 2924 539 2976 in
568 2923 627 2991 ipso
655 2923 726 2976 iurto
745 2921 913 2977 blaesilianos
939 2931 966 2975 ct
990 2923 1145 2993 Bopomilos
1169 2933 1256 2978 tomus
1274 2923 1338 2977 libri
1357 2924 1403 2975 list

306 2997 430 3063 inspectu
449 2996 556 3064 dignior
586 3002 613 3047 et
631 2995 664 3048 ab
683 2995 805 3048 omnibns
825 3003 1003 3065 cognoscatur
1031 2995 1109 3047 buius
1127 2997 1160 3049 ad
1184 3012 1243 3047 cnm
1263 2996 1401 3063 pravitatis

307 3068 417 3137 gradum
436 3082 596 3137 progressae
614 3068 689 3119 radix
708 3067 863 3119 haereseos.
935 3066 938 3080 '

404 3162 549 3215 llonacbus
565 3164 634 3214 euim
655 3163 759 3231 quidam
780 3179 813 3214 ex
833 3164 867 3215 iis
886 3164 931 3232 qui
951 3163 1063 3231 Scorpio
1084 3163 1146 3215 hnic
1165 3170 1278 3230 parent,
1298 3178 1402 3231 cogno-

305 3236 379 3285 mine
396 3233 549 3296 domarius,
568 3235 661 3285 mortis
678 3236 801 3300 proximo
815 3234 951 3287 subiectus
968 3236 1019 3286 iam
1037 3234 1139 3298 morbo,
1159 3234 1264 3287 iacebat
1278 3233 1401 3286 laborans

307 3312 334 3357 et
351 3304 459 3356 summis
483 3306 591 3355 omnino
619 3306 740 3370 corporis
770 3305 906 3358 doloribus
934 3315 1063 3370 vexatus3
1088 3307 1184 3358 deindo
1213 3320 1261 3373 per
1283 3307 1401 3373 integros

307 3375 405 3441 viginti
423 3375 480 3425 dies
502 3374 562 3425 cibo
581 3382 699 3443 potuque
719 3376 885 3442 abstinebat,
911 3379 970 3429 aine
996 3392 1066 3429 uoce
1084 3378 1189 3428 iacebat
1207 3377 1327 3428 ultimum
1345 3386 1402 3427 tra.

307 3447 374 3498 heus
393 3446 531 3512 spiritum;
556 3460 608 3497 nec
636 3448 800 3499 moriebatur
829 3456 935 3512 tamen;
964 3451 1012 3501 sed
1031 3463 1127 3514 corpus
1155 3457 1258 3499 tumore
1285 3446 1401 3499 olbertum

310 3526 368 3571 erat
387 3526 413 3569 ct
431 3518 554 3569 diuturna
572 3518 683 3585 quadam
702 3535 732 3573 os
751 3519 950 3571 suffundebatur
976 3520 1126 3586 nigredine.
1163 3534 1224 3571 sero
1244 3527 1332 3570 autem
1352 3534 1402 3570 nec

307 3588 437 3641 miraculo
456 3591 561 3642 attoniti
585 3591 722 3656 praesides
740 3590 815 3642 illius
836 3591 964 3643 domicilii
985 3591 1157 3659 quaerebant,
1175 3606 1237 3641 num
1257 3589 1320 3658 quid
1339 3594 1430 3641 suo-³

308 3676 365 3713 rum
384 3662 632 3728 peccatorumnovi
660 3662 799 3713 coufessus
825 3663 853 3712 in
872 3663 963 3713 intimo
990 3663 1123 3713 conditum
1152 3661 1263 3712 haberet
1284 3669 1403 3729 pectore,

307 3734 424 3799 ideoque
444 3734 501 3785 eius
521 3749 609 3785 curam
628 3748 727 3801 gerens
746 3734 811 3785 deus
831 3748 885 3784 non
903 3741 1040 3800 pateretur
1065 3750 1124 3784 eum
1143 3740 1273 3783 mortuum
1295 3740 1403 3783 aeterno

307 3804 376 3853 tradi
404 3804 471 3871 igni.
512 3804 556 3857 hio
581 3813 720 3872 postquam
745 3803 882 3855 intellexit
908 3804 1019 3856 sublatis
1038 3804 1175 3871 paululum
1188 3804 1298 3867 oculis,
1318 3802 1405 3855 vehe-

307 3881 412 3923 menter
433 3873 545 3925 eiulavit
571 3884 598 3926 et
621 3878 667 3928 uix
694 3890 806 3926 movens
839 3874 956 3943 linguam
985 3876 1052 3927 baec
1071 3877 1145 3927 dixit.
1182 3876 1257 3926 scitis
1278 3883 1340 3925 unte
1357 3874 1404 3923 hos

308 3944 449 3996 duodecim
467 3960 551 3996 annos
572 3946 686 3997 habitam
706 3943 750 3997 bic
770 3945 898 4011 synodum
914 3948 1031 3999 virorum
1051 3950 1078 3997 in
1094 3947 1145 3997 hoc
1164 3953 1254 3997 monte
1275 3960 1305 3996 se
1326 3958 1405 3996 exer·

308 4015 434 4067 centium.
471 4023 524 4067 tum
544 4016 626 4083 igitur
643 4019 670 4068 in
694 4017 874 4083 suspicionem
892 4027 988 4069 vocato
1016 4020 1094 4070 etiam
1114 4018 1226 4084 Scorpio
1253 4018 1405 4084 interroga-

307 4095 351 4140 tus
371 4101 433 4155 ogo,
451 4102 514 4137 num
532 4088 628 4139 scirem
648 4103 707 4140 eum
726 4088 828 4139 socium
848 4088 931 4142 fuisse
950 4097 1087 4156 captorum
1106 4089 1176 4141 hunc
1187 4087 1406 4142 massalianorum

309 4165 337 4213 st
353 4157 555 4231 iterumiterum
578 4160 678 4230 negari
702 4174 745 4213 me
769 4160 840 4215 rcire
866 4162 986 4230 quantit
1012 4161 1175 4231 exploratam
1205 4174 1262 4213 rem
1287 4158 1400 4223 babensr
