3017 4759
865 97 877 122 Ι

331 253 406 342 ido
631 277 855 346 utcunnoar
882 251 1140 383 oauoomu

187 511 189 518 ,
238 464 240 472 ’
333 442 469 527 ποίησιν.
512 431 618 528 εἰμὲν
640 438 694 510 οῦν
713 449 770 530 τῆς
791 442 902 520 οόσίας
923 443 1010 528 λέγοι
1028 445 1085 527 τῆς
1107 441 1209 520 θείας,
1232 442 1455 521 Μανιχαιων

266 540 366 614 ”tal
386 543 511 629 νόσημα
534 545 646 624 δείξων
678 547 696 612 δ
717 549 808 634 λόγος
826 546 971 634 ἔρχεται·
1023 544 1080 610 καί
1099 546 1135 610 τί
1160 539 1198 608 άν
1221 541 1452 626 ἀσεβέστερον

180 638 183 646 “
258 713 262 723 ,
333 639 381 729 εἴη
402 647 460 708 τοῦ
479 649 691 731 μετουσίωσιν
718 651 861 735 λέγοντος
883 646 939 731 τὴν
961 647 1015 710 ἐπὶ
1040 648 1096 710 τοῦ
1125 644 1312 728 Θαβιοριόυ
1351 637 1451 725 ὄρους

330 741 583 833 γλεταμόρφωσιν
603 749 659 814 τοῦ
681 752 833 836 Χριστοῦ,
856 748 912 814 καὶ
933 749 1023 812 δυοῖν
1036 747 1107 810 τῶν
1129 744 1362 808 ἀτοπωτάτων
1391 743 1450 806 δά-

237 914 246 923 ,
331 868 422 933 τερον
445 849 569 925 πάντως
590 837 778 936 εἰσάγοντος,
791 846 821 934 ἢ
840 852 896 933 τῆς
909 847 1003 923 θείας
1025 846 1136 920 οὐσίας
1155 845 1192 910 τό
1216 844 1467 923 ἀναλλοίωτον5

333 943 455 1031 δηλαδὴ
476 952 710 1035 καθαιροῦντος
732 952 777 1026 εἰς
797 947 832 1015 τό
853 947 1026 1035 ῦφειμὲνον
1049 948 1104 1010 καί
1127 944 1290 1031 διάφορον
1314 943 1447 1026 ταύτης,

330 1041 572 1133 ἢδιαιροῦντος
599 1051 632 1128 ἐξ
671 1050 819 1134 ἀμαθοῦς
843 1049 899 1116 καί
921 1047 1119 1133 κακοτρόπου
1149 1047 1280 1131 γνώμης
1315 1045 1369 1120 εἰς
1394 1043 1447 1107 δίο

332 1146 488 1230 θεοτήτων
515 1148 667 1238 ἀπτίστων
690 1150 930 1236 διχοτομήματα
951 1147 1007 1234 τὴν
1028 1149 1128 1232 μόνην
1150 1143 1303 1217 άκτιστόν
1331 1144 1446 1208 τεκαὶ

332 1243 437 1332 ἀμερῆ
457 1249 513 1313 aad
535 1248 646 1335 ἁπλῆν,
669 1251 725 1318 καί
746 1251 801 1335 τὴν
821 1253 880 1335 μὲν
894 1250 1035 1335 λὲγοντος
1057 1246 1174 1334 δρατὴν
1196 1245 1255 1330 τὴν
1277 1249 1312 1310 δ’
1341 1245 1445 1329 ἀόρα-

241 1341 247 1346 ’
329 1369 392 1421 τον,
413 1347 468 1412 καί
488 1345 544 1432 τὴν
564 1351 623 1433 μὲν
652 1349 808 1436 μεθεκτὴν
838 1349 895 1435 τὴν
917 1355 946 1416 δ’
983 1349 1175 1432 ἀμέδεκτον,
1210 1348 1270 1413 καί
1298 1344 1366 1430 τὴν
1386 1346 1470 1426 pion

330 1445 504 1535 ῦφειμένην
526 1449 581 1535 τὴν
600 1455 629 1518 δ’
651 1449 889 1538 ὑπερκειμένην.
933 1449 952 1518 δ
973 1452 1028 1516 καί
1050 1448 1106 1534 τὴν
1127 1453 1190 1515 τῶν
1211 1448 1443 1531 εἰκονσμάχαιν

329 1546 563 1636 ὑπερβέβληκεν
585 1553 716 1638 αἳρεσιν,
737 1551 963 1641 (ῦς-εἰρήσεται
992 1554 1152 1637 χωροῦντι
1173 1553 1219 1636 τῷ
1242 1549 1334 1634 λόγῳ
1361 1554 1441 1611 πλα-

265 1651 467 1738 ιοτότερον.
511 1655 539 1718 εἰ
562 1657 590 1720 δ’
613 1656 645 1734 ἔξ
669 1653 752 1722 όλων
777 1654 853 1742 ὅλην
872 1656 1134 1740 μεταβεβλῆσθαι
1156 1653 1282 1739 φάσκοι
1303 1648 1369 1735 τὴν
1389 1651 1440 1713 τοῦ

333 1752 447 1820 δούλου
467 1756 614 1842 μορφήν,
649 1763 717 1822 και)
740 1757 854 1834 αὖτοὺς
878 1757 1017 1854 ἀκριβοῦς
1046 1756 1146 1818 εἰπεῖν
1165 1752 1239 1829 τοῦς
1264 1751 1439 1834 εἰκονσμά-

328 1876 419 1934 χους,
441 1856 495 1920 ἐπὶ
517 1859 586 1942 poia
607 1854 753 1943 [άρρητόν
775 1883 808 1922 τε
841 1859 896 1922 καί
922 1853 1066 1921 ἀκτιστον
1094 1855 1149 1920 καί
1169 1853 1315 1938 θεότητα
1339 1854 1437 1936 ξένην,
1444 1877 1463 1927 13

246 1962 253 1976 “
330 1953 418 2019 καθά
437 1953 496 2020 κάν
515 1964 582 2033 τοῖς
603 1961 677 2044 περὶ
699 1957 806 2046 φωτός
828 1955 959 2037 διέξεισι
981 1956 1085 2042 λόγους
1106 1955 1204 2020 αὐτοῦ
1226 1963 1365 2041 φωναῖς
1386 1955 1436 2018 ἀν-

330 2057 511 2151 θρωπίναις
532 2061 713 2144 κεχρῆσθαι
732 2057 768 2124 τό
791 2061 861 2147 φῶς
882 2052 982 2124 ἐκεῖνο
993 2107 1002 2136 ,
1026 2054 1236 2138 καυχώμενον
1258 2055 1360 2139 ’πρὸς
1383 2053 1436 2117 αῦ-

326 2155 392 2234 -τόν,
415 2157 470 2222 καί
486 2155 550 2244 “μη“
576 2159 703 2246 polion?
725 2162 1032 2247 παρακελευόμενον,
1049 2156 1151 2242 “perd
1170 2181 1230 2220 σου
1252 2155 1320 2241 γάρ
1347 2153 1436 2237 εἰμι,”

330 2260 386 2324 τοῦ
402 2258 570 2341 μέλλοντος
590 2259 765 2347 ἀρραβῶνα
790 2260 895 2348 φωτὸς
929 2260 1163 2346 παρεχόμενον,
1193 2255 1352 2341 ζητητέον
1374 2259 1435 2329 ποῦς

197 2356 512 2427 ῐιλ41νιτδκτιστὸν
538 2361 800 2447 μετακεχάρηκεν
829 2356 935 2448 ἑαυτῷ
970 2360 1051 2447 πρὸς
1081 2358 1116 2425 τὸ
1150 2355 1299 2424 ἀκτιστον
1326 2355 1462 2425 nutriat

333 2459 490 2546 ἠργμένον
510 2459 591 2546 πρός
611 2460 646 2526 τό
670 2459 811 2547 άναρχον
826 2463 882 2528 καί
893 2461 928 2526 τό
948 2459 1100 2547 χρονικδν
1123 2457 1203 2545 πρός
1221 2455 1258 2523 τό
1286 2454 1434 2544 άχρονον,

266 2559 388 2630 eruat
409 2560 490 2648 πρός
510 2560 545 2628 τό
569 2565 811 2649 πεπερασμένον
824 2562 859 2630 τό
877 2561 1019 2648 ἄπειρον.
1040 2559 1157 2644 ότιμὲν
1175 2558 1238 2646 γὰρ
1261 2557 1299 2623 τό
1324 2563 1434 2646 ‹pinp-

331 2659 384 2725 τόν
407 2665 496 2730 τοῦτο
527 2663 608 2732 κατά
635 2663 689 2731 τόν
718 2669 807 2732 θεῖον
835 2665 1011 2731 ἀπόστολον
1044 2663 1209 2731 ἑνδόσεται
1229 2661 1432 2748 ἀφθαρσιαν,

695 2917 701 2948 l

330 2993 378 3046 tio.
416 2993 498 3063 igitur
526 2993 549 3044 si
573 2994 633 3062 quis
656 2993 790 3046 essentiae
813 2993 922 3045 divinae
946 2992 1058 3056 dixerit,
1077 2988 1295 3045 Manichaeorum
1313 2989 1428 3041 mnrbuu

323 3066 480 3118 ostenderit
501 3066 597 3117 oratio.
635 3065 698 3133 quid
717 3081 784 3118 vero
806 3065 891 3132 magis
911 3065 1019 3130 impium
1040 3071 1095 3126 est,
1115 3077 1193 3130 quam
1212 3062 1353 3112 essentiae
1371 3078 1429 3127 per.

330 3138 501 3188 mutationem
520 3138 610 3189 dicere
629 3135 753 3190 Christi
746 3153 775 3189 m
793 3144 883 3187 monte
903 3135 1007 3187 Thabor
1028 3133 1289 3198 transfigurationem
1312 3139 1343 3182 et
1368 3135 1428 3185 dm.

331 3223 387 3260 rum
406 3208 564 3274 ineptiarum
583 3209 721 3271 inducere,
741 3215 787 3259 aut
807 3207 971 3260 immutabile
993 3207 1101 3258 divinae
1121 3204 1253 3256 essentiae
1280 3203 1428 3270 deprimere

330 3279 363 3330 ad
382 3278 530 3330 subiectum
556 3287 582 3330 et
604 3279 637 3329 ab
661 3279 709 3330 illa
727 3279 859 3343 alienum,
885 3286 932 3330 aut
949 3279 1092 3331 inscientia
1115 3284 1141 3327 et
1157 3275 1275 3343 maligna
1294 3284 1386 3327 mente
1403 3277 1426 3325 in

331 3351 395 3402 duas
419 3350 549 3401 increatas
580 3351 692 3401 deitates
723 3352 873 3402 distrahere
893 3366 971 3402 unam
995 3352 1138 3401 increatam
1167 3355 1195 3398 ct
1220 3346 1387 3398 individuam
1403 3355 1426 3396 et

331 3420 497 3490 simplicem,
523 3428 550 3472 et
578 3421 688 3474 alteram
714 3423 805 3474 dicere
824 3422 972 3486 visibilem,
993 3419 1157 3472 invisibilem
1176 3418 1300 3481 alteram,
1318 3418 1424 3470 alteram

330 3491 570 3561 particeptibllem,
589 3493 853 3559 inpartioeptibilem
871 3493 998 3557 alteram,
1017 3491 1128 3543 alteram
1148 3490 1314 3550 subiectam,
1333 3506 1425 3557 snper.

330 3567 424 3618 iactam
444 3565 564 3628 alteram,
585 3567 654 3633 quod
674 3566 758 3630 ipsam
778 3565 1010 3616 iconomachorum
1035 3563 1160 3614 haeresin
1183 3562 1325 3627 superavit
1349 3571 1379 3614 nt
1393 3564 1425 3620 in

271 3691 283 3700 ,
330 3635 492 3704 procedente
512 3638 633 3688 oratione
653 3636 737 3688 lunius
756 3635 868 3687 dicetur.
904 3638 945 3688 sin
968 3650 1073 3687 omnem
1092 3635 1198 3686 omnino
1216 3633 1318 3684 dixerit
1334 3634 1424 3684 imma.

330 3716 411 3760 talam
437 3707 509 3760 servi
536 3709 646 3760 formam
671 3714 701 3757 ut
726 3707 894 3760 iconomachi
917 3709 1008 3760 dicant
1033 3708 1061 3757 in
1079 3706 1166 3758 lucem
1186 3704 1321 3755 infandam
1341 3713 1370 3756 ct
1384 3707 1423 3756 ia-

331 3787 446 3830 oreatam
465 3786 491 3830 et
509 3780 635 3832 deitatem
654 3778 767 3830 alienam
787 3788 816 3830 ut
835 3781 863 3830 in
882 3778 1048 3830 sermonibus
1066 3778 1099 3830 de
1111 3777 1172 3828 luce
1190 3775 1300 3828 disserit
1318 3777 1423 3828 vocibus

331 3849 462 3913 humanis,
481 3866 553 3902 usam
573 3865 632 3903 esse
651 3850 738 3903 lucem
757 3851 831 3902 illam
843 3851 1001 3918 gloriantem
1020 3851 1053 3901 de
1073 3864 1144 3911 sese,
1164 3862 1219 3899 uon
1228 3855 1335 3898 terrore
1355 3863 1423 3899 σοι.

331 3927 443 3984 motam,
466 3927 553 3972 tecnm
574 3923 734 3985 enimcum,
760 3924 857 3990 pignus
882 3924 987 3974 laturae
1005 3921 1074 3972 lucis
1094 3920 1275 3986 praebentem,
1296 3934 1422 3987 quaeren-

331 3994 392 4046 dum
416 3997 471 4054 eet,
499 3994 630 4060 quomodo
648 4001 765 4044 creatum
788 3993 885 4045 abierit
896 3995 928 4046 ad
941 3995 1088 4044 increatum
1105 3998 1132 4042 et
1155 3989 1309 4042 inchoatum
1327 3992 1361 4042 ad
1375 4005 1422 4042 nou

332 4063 481 4116 inchoatam
500 4069 528 4113 et
544 4063 692 4129 temporale
711 4065 743 4116 ad
762 4080 815 4116 non
833 4064 981 4132 temporale
992 4050 1028 4114 et
1040 4063 1142 4114 linitum
1161 4063 1194 4113 ed
1212 4062 1354 4114 inlinitum.
1369 4077 1422 4114 neu

332 4134 385 4186 hoc
404 4133 580 4200 corruptibile
596 4141 626 4184 nt
644 4135 721 4186 dirus
742 4136 881 4203 apostolus
902 4137 967 4189 drcrt
976 4134 1148 4186 indutumm
1140 4134 1368 4200 incorruptionem
1377 4149 1422 4184 ιι

333 4206 447 4261 divimus
467 4205 698 4274 credidimusque,
718 4215 836 4259 creatum
856 4215 943 4260 antem
961 4207 1020 4259 lieri
1039 4206 1184 4257 increatum
1205 4204 1249 4256 vel
1271 4219 1365 4272 corpus
1382 4206 1422 4256 in-
