3017 4759
215 219 437 319 ntsromtn
464 242 722 318 nmtnmntu
740 231 1051 322 xusset—34.
1128 245 1202 322 κου

103 413 211 479 adrat
231 413 321 478 ἐστί·
366 412 448 498 πλην
469 412 522 478 διαὶ
547 415 651 500 πάσης
665 413 795 501 ἔρχεται
817 418 870 498 τῆς
891 417 1049 503 θεότητος,
1072 419 1127 484 καί
1147 423 1204 504 τῆς

43 565 49 569 .
107 515 189 600 ὑπὲρ
211 512 267 598 τὴν
283 518 384 580 κτίσιν
405 517 517 591 ουόίας
540 519 624 582 ἐστίν
639 512 866 599 ἇαοτίλεαμα”.
911 516 990 607 ὁρᾷς
1011 517 1116 604 πωςῆ
1139 525 1269 589 τοῖνδε

108 615 270 695 ὀνομάτων
283 619 338 680 καί
358 612 509 700 ρἠμοῖτων
524 620 638 699 γνῶσις
655 615 893 704 ἕπιοτημονικη,
915 621 957 685 δι’
979 611 1024 684 ὧν
1043 621 1129 704 λόγοι
1151 622 1205 686 καί

67 716 73 730 ’
109 715 313 802 α’ττοφαντικά
339 714 486 799 δόγματα
508 717 608 782 πάντα
634 717 714 801 πρὸς
735 723 857 802 γένεσιν
879 720 1044 806 ἔρχονται,
1068 721 1205 806 μεγάλης

81 816 211 883 taetras
233 824 287 902 τῆς
312 821 478 899 περινοίας
509 822 565 882 καί
591 818 778 900 ἐξετάσεως
808 820 965 900 ὁμώνυμα
994 819 1055 904 γάρ
1080 824 1144 887 ἐστι
1167 823 1204 888 τα

109 921 220 986 πολλοὶ.
264 917 319 982 καί
333 917 387 982 διὰ
411 921 505 983 τοῦτο
528 915 651 994 πάντος’
665 917 695 985 οἱ
716 918 967 1003 τῶναῖροτικαῖν
988 928 1110 1000 θίασοι,
1131 924 1207 988 τού·-

109 1043 175 1095 τοις
203 1017 487 1103 ε’γκαλυιιτόμενοι,
510 1021 673 1098 τοξεύουσι
705 1025 779 1094 κατ’κ
802 1013 907 1086 ἄλλοτ’
938 1016 1053 1098 ἄλλους
1075 1023 1207 1108 καιρούς

110 1119 244 1202 α’φανοῖς
266 1116 320 1201 τὴν
344 1120 513 1199 ου’σέβωαν
536 1120 579 1196 ὥς
601 1125 636 1186 ἐκ
657 1120 798 1208 λόχμης·
849 1113 875 1212 ᾧ
899 1121 936 1204 er
957 1127 1016 1188 καί
1033 1129 1132 1207 λέγων
1154 1124 1208 1188 καί

108 1243 242 1304 γραφων
265 1222 321 1282 καί
341 1219 438 1296 αὐτὸς
460 1223 614 1306 κέχρησαι
633 1219 813 1306 τολμήματι
834 1219 1016 1289 πανταάασι
1039 1251 1119 1292 κατα
1143 1227 1206 1290 τῶν

9 1372 20 1383 ,
64 1323 205 1384 ῑθθοίων
229 1318 390 1428 δογμάτων
409 1317 551 1402 μαλιστα
581 1323 707 1423 πάντων
729 1327 876 1405 ἕνεκ’,νων
906 1351 957 1389 και
993 1350 1063 1392 cvra
1086 1325 1142 1410 την
1164 1353 1204 1392 τα

107 1422 207 1486 πάντα
230 1402 410 1502 βόσκουσαν
437 1421 529 1507 ἡλίου
557 1426 661 1509 φλόγα
681 1416 833 1508 μα’ρτυρα
865 1430 920 1508 τῆς
948 1432 1101 1510 πονηριας
1122 1426 1206 1510 ἔχων
1298 1471 1306 1482 =

108 1519 256 1611 αιοχύνη,
280 1546 352 1586 enac
355 1523 435 1607 μην
456 1524 510 1588 τόν
533 1547 589 1627 του
614 1521 704 1610 ἡλίου
729 1521 978 1610 ὃημιουργόν”
940 1550 994 1591 ουτ
999 1529 1206 1612 ’ἀνθρώπων

108 1626 234 1691 οιῖδὲνα.
1134 1631 1136 1638 X
1307 1708 1313 1712 ι

207 1726 317 1794 Καί“
301 1755 352 1808 ινα
381 1753 418 1794 σε
438 1733 495 1793 καί
517 1729 573 1812 τὴν
595 1732 650 1813 τῆς
675 1713 837 1813 ἐνεργείας
868 1727 987 1810 διδάξω
1014 1731 1123 1816 φωνην
1146 1725 1272 1805 ατί-Μ

62 1837 170 1894 λῦσαν
194 1833 315 1909 μᾶλλον
348 1832 412 1892 τῶν
440 1829 619 1908 ὁμωνύμων
647 1825 765 1914 αὐτην,
790 1832 846 1894 καί
877 1836 1119 1917 λαμβανομένην
1152 1833 1207 1898 καί
1216 1845 1235 1899 i.
1250 1841 1332 1900 tter.

107 1933 157 1995 c’n’
177 1922 281 1994 ἄλλων
308 1931 368 2011 μὲν
399 1929 480 1993 α’λλοὶ
517 1928 594 1994 καίιί
620 1934 675 2013 τῆς
698 1936 789 2007 θείας
821 1933 939 2016 ἐκείνης
962 1936 1017 1998 καί
1044 1939 1206 2018 μακαρίας

98 2030 220 2104 ὀὐσίας
241 2029 296 2094 καί
315 2030 454 2116 φύσεως,
478 2024 554 2094 ὅταν
576 2030 852 2113 α’ττροσδιορίσιως
876 2036 1012 2116 λέγηται,
1036 2037 1093 2098 τοῦ
1114 2025 1204 2098 θείου

107 2133 234 2214 πρῶτον
250 2124 345 2194 ἄκουε
380 2132 547 2212 Μαξίμου.
586 2126 627 2213 “ej
663 2131 992 2215 ου’τοῦαεραγαθὸτης
1027 2136 1100 2204 νοῦς
1122 2125 1203 2196 οὖσα

107 2235 162 2295 καί
184 2227 241 2314 ὅλη
263 2233 403 2313 ἐνέργεια
424 2232 475 2306 εἰς
492 2217 611 2312 ἑαυτήν
632 2232 835 2315 ἑοτραμμένη
865 2228 1004 2316 ἐνέργειά
1021 2234 1137 2314 “doram
1169 2231 1208 2292 ου’

61 2339 98 2394 20
108 2329 243 2411 δυνάμει
274 2328 427 2416 πρότερον
448 2323 528 2394 οὖσα
553 2328 738 2415 ἀφροσύνη,
768 2323 836 2393 εἶτα
858 2332 933 2405 νοῦς
954 2332 1094 2420 ἐνεργείᾳ
1115 2353 1205 2414 γενο-

106 2438 207 2518 μένη·
260 2430 336 2498 ὅθεν
371 2431 426 2496 καί
453 2435 527 2508 νοῦς
549 2434 620 2496 ἐστι’
646 2428 744 2512 μόνος
775 2428 941 2514 καθαρός,
964 2432 1022 2495 ου’νι
1042 2432 1203 2515 ἐπίκτητον

108 2531 191 2617 ἔχων
212 2531 247 2597 τό
273 2542 411 2618 φρονεῖν,
433 2532 512 2598 ἀλλὰ
535 2534 611 2616 παρ’
634 2527 753 2596 ἑαυτοῦ
781 2531 904 2608 πάντας
935 2539 1010 2596 νοεῖ.
1052 2535 1084 2596 τί
1102 2530 1206 2617 γὰρὴ

91 2639 168 2716 ’μὲν
189 2633 285 2700 ουσία
314 2636 415 2700 adron
446 2627 526 2720 ἄλλη
551 2637 653 2720 ἐστίν,
675 2631 695 2696 ἃ
718 2635 753 2698 δὲ
784 2642 854 2698 νοεῖ
871 2635 960 2720 ἕτερα
989 2634 1089 2699 αυίοῦ
1111 2635 1204 2714 ἐστίν,

110 2872 221 2941 spiritus
240 2872 336 2936 sancti,
357 2884 451 2922 creans
470 2871 538 2937 apud
553 2877 738 2939 quemcunque
757 2885 818 2924 esse
831 2870 942 2936 dicitur,
961 2869 1058 2923 iactum
1079 2871 1136 2922 aius
1156 2879 1205 2936 est,

109 2946 157 2997 sed
175 2959 224 3011 per
241 2950 324 2994 totam
344 2941 511 2994 divinitatem
536 2950 577 2994 est
600 2942 658 2993 fusa
680 2950 707 2994 et
725 2942 874 3006 essentiae,
901 2957 970 3009 quac
989 2949 1029 2992 est
1047 2947 1108 2992 aute
1127 2957 1206 2993 cren.

109 3018 222 3076 tionem,
244 3022 284 3064 est
296 3003 437 3079 perfectio.
475 3013 561 3077 vides,
580 3015 714 3065 nominum
735 3021 762 3064 et
781 3012 923 3064 verborum
942 3011 1122 3094 cognitionem
1143 3012 1206 3078 phi.

110 3085 287 3152 losnphicam,
308 3099 324 3135 a
346 3083 442 3152 quibus
462 3085 587 3136 notiones
609 3093 636 3136 et
653 3086 777 3152 dogmata
805 3083 949 3134 constituta
968 3082 1055 3134 omnia
1074 3083 1206 3147 oriuntur,

110 3171 233 3225 magnam
252 3156 392 3223 requirere
411 3156 576 3222 prudentiam
595 3163 622 3207 et
646 3156 845 3224 quaestionem.
866 3154 982 3206 eiusdem
1003 3153 1072 3205 enim
1091 3155 1205 3206 nominis

111 3237 173 3280 snut
191 3227 357 3296 pierumque.
396 3235 423 3278 et
439 3235 582 3294 propterea
601 3241 694 3278 omues
719 3225 914 3278 haereticorum
940 3232 1044 3288 coetus,
1065 3225 1105 3277 his
1124 3227 1205 3278 invn.

110 3300 170 3363 luti,
191 3307 285 3366 petunt
301 3299 415 3351 diversis
435 3299 599 3366 temporibus
618 3298 732 3348 obscure
750 3298 876 3362 pietatem
896 3305 1019 3365 tauquam
1039 3313 1072 3349 ex
1090 3298 1204 3363 insidiis,

112 3387 163 3439 qua
183 3379 210 3422 et
228 3372 286 3438 ipsc
303 3386 366 3422 usus
386 3386 414 3421 es
434 3369 544 3421 audacia
570 3377 597 3419 et
618 3367 730 3420 dicendo
752 3375 778 3418 et
796 3368 936 3419 scribendo
963 3369 1070 3420 omnino
1091 3371 1205 3421 maxime

112 3450 203 3493 contra
221 3443 343 3509 dogmata
362 3442 453 3493 diviua
480 3441 567 3491 omnia
586 3440 653 3504 illa,
683 3454 714 3489 ac
743 3454 832 3508 neque
851 3447 1003 3506 pascentem
1034 3443 1121 3492 omnia
1139 3440 1205 3493 solis

111 3515 212 3579 ignem,
231 3529 308 3580 quem
328 3521 423 3564 testem
443 3511 526 3564 habes
545 3512 685 3578 pravitatis
703 3517 782 3575 tuae,
802 3511 916 3576 vereris,
935 3527 1024 3599 neque
1043 3511 1108 3564 solis
1127 3527 1206 3564 crea-

111 3593 196 3653 torem
213 3599 302 3650 neque
322 3583 456 3635 homiuum
476 3599 635 3652 quenquam.

210 3676 246 3729 Et
261 3685 291 3730 ut
314 3687 341 3729 te
361 3680 439 3730 etiam
467 3679 630 3731 efficientiae
655 3678 781 3730 edoceam
800 3693 896 3729 vocem
922 3691 982 3728 esse
1001 3677 1084 3743 magis
1105 3691 1206 3728 corun.

112 3753 171 3804 dem
188 3749 324 3799 nominum
342 3751 436 3815 ipsam,
457 3757 484 3801 et
499 3751 621 3816 usurpari
651 3758 678 3802 ct
698 3751 724 3801 in
744 3749 804 3802 aliis
824 3750 929 3818 quidem
951 3747 998 3799 scd
1023 3749 1096 3798 etin
1115 3748 1206 3800 divina
1240 3791 1243 3793 .

113 3821 161 3874 illa
181 3827 208 3870 et
226 3819 304 3870 beata
324 3821 440 3871 essentia
454 3829 481 3872 et
499 3828 603 3886 natura,
621 3837 681 3873 cum
699 3823 845 3874 indiscrete
864 3820 983 3884 dicatur,
1003 3819 1114 3885 primum
1133 3819 1206 3873 divi.

111 3909 172 3946 unm
192 3890 285 3942 audias
303 3891 457 3943 Maximumr
479 3893 590 3944 maxima
614 3893 737 3956 bonitas,
764 3907 832 3960 quae
850 3903 924 3942 meus
945 3898 994 3955 est,
1014 3899 1040 3943 et
1058 3892 1143 3943 omnis
1164 3890 1207 3942 ei-

111 3963 240 4025 tietantia,
260 3962 287 4012 in
307 3977 336 4013 se
357 3976 497 4024 conversa,
512 3962 656 4015 efficientia
676 3972 726 4028 est,
746 3979 804 4015 cum
824 3977 878 4012 uon
897 3964 1046 4014 secuudum·
1060 3963 1206 4029 potentiam

92 4030 190 4088 'antea
208 4035 244 4086 sit
265 4033 389 4096 amentia,
409 4040 503 4098 postea
521 4049 594 4084 meus
609 4037 752 4087 secundum
766 4034 935 4086 efficientiam
956 4035 994 4099 fit,
1016 4035 1107 4102 itaque
1128 4035 1206 4088 etiam

117 4122 193 4158 mens
215 4113 256 4158 est
274 4104 332 4157 sola
353 4119 436 4171 pum,
463 4117 517 4156 non
536 4105 635 4157 adscita
665 4122 713 4159 usn
734 4105 917 4174 cogitatione,
939 4106 986 4159 sed
1010 4120 1058 4172 per
1077 4103 1207 4169 seipsam

123 4175 394 4245 omninointclligit.
440 4176 537 4228 ctcuim
567 4176 590 4228 si
610 4180 726 4231 essentia
758 4179 814 4231 cius
832 4177 940 4231 diversa
959 4183 1014 4242 est,
1035 4189 1102 4244 quae
1121 4180 1208 4228 autern
