3017 4759
221 249 443 318 nrsroame
460 245 871 314 numerium-xxxiv.
894 225 1020 310 5-8.
1097 228 1186 326 ,tte

37 437 42 442 '
73 417 141 484 τοῦ
159 414 282 493 τοότον,
305 411 354 478 ότι
374 414 511 497 τοσαύτη
533 409 628 476 αὖτοὺ
649 409 817 495 ἤδόναμις
847 403 893 483 σός
913 405 998 491 μηδὲ
1018 400 1072 470 τόν
1094 403 1186 488 λόγον

75 519 174 603 ἡμᾶς
195 516 276 601 μετά
289 517 454 604 ἀκριβείας
476 515 594 581 εἰδέναι
614 517 677 579 τῶν
695 510 749 578 ὑπ’
768 509 1073 597 αὑτοὺγενομένων.
1092 507 1184 570 τοὺτο

78 619 148 706 γὰρ
179 619 323 694 διανοίας
345 615 547 742 εόγνάμονος,
569 617 660 680 τοῦτο
681 616 793 698 φυχῆς
812 607 1004 700 νηφοόσης.”

190 724 259 788 Kar
280 719 342 808 γάρ
377 717 395 784 6
423 716 497 795 θεός
528 717 582 782 διὰ
611 715 860 805 φιλανθρωπίαν
891 710 1096 793 οἰκονομικῶς
1121 712 1221 787 τοῖςΙ

47 821 322 918 διάνθλροόποιςς
296 847 340 897 ως
366 819 489 905 νηπίοις
510 817 615 904 πατὴρ
640 815 903 903 συγκαταβαίνων
935 812 991 877 διὰ
1009 834 1073 876 των
1093 810 1187 894 έκδη·

79 924 226 1011 λοτέρων
248 926 374 1048 πρῶτον
407 923 589 1008 έμφανειιόν
611 920 667 985 καί
685 926 751 994 τοῖς
772 910 839 982 οἷον
856 913 997 1036 βρέφεσι
1019 934 1188 998 προσφνε

81 1031 226 1112 στέρων,
248 1023 348 1098 οὑτως
381 1023 490 1108 ἀνάγει
510 1020 563 1086 διά
586 1022 673 1096 λείας
702 1017 780 1084 όδοῦ
802 1015 918 1104 πρόςε
901 1017 967 1095 έξιν
985 1012 1201 1134 τελεωτέραν.

81 1127 142 1190 καί
164 1127 289 1190 Μωσεῐ
313 1123 392 1220 γάρ,
416 1121 433 1187 ό
455 1127 543 1198 θεῖος
565 1119 682 1208 φάσκει
696 1119 937 1206 Χροσόστομος,
959 1113 1014 1179 διά
1038 1108 1230 1201 φωτρςἤ

80 1227 143 1292 τοῦ
166 1227 246 1290 θεοῦ
265 1211 437 1311 ἐπιφάνεια
465 1221 621 1308 ἤρξατο
605 1247 639 1288 εν
668 1247 705 1308 τῃ
694 1219 851 1306 βάτῳ·
888 1211 957 1282 εἶτα
981 1214 1037 1281 διὰ
1054 1212 1189 1301 νεφέλης

27 1339 72 1394 10
84 1326 173 1414 αὕτη)
161 1323 414 1410 διαλέγεται
396 1351 413 1389 ο
436 1325 521 1401 θεός.
540 1323 732 1410 τελειότερος
754 1323 791 1386 δε
802 1320 968 1405 γενομενος
988 1341 1043 1380 και
1037 1313 1189 1398 ὑφηλό·

82 1451 178 1513 τερος
201 1429 234 1490 έν
256 1427 365 1514 γνόφῳ
387 1423 538 1491 τὸνθεόν
559 1425 680 1508 βλέπει.
730 1420 941 1506 εἶσηλθε-γάρ
963 1441 1061 1504 φησιν
1081 1417 1188 1481 Mori·

83 1530 145 1612 σῆς
174 1529 219 1602 εἷς
240 1525 294 1592 τόν
315 1528 433 1653 γνόφον
465 1517 505 1590 οὑ
529 1521 568 1611 ἦν
598 1522 615 1590 6
649 1523 739 1600 θεός·
782 1527 944 1586 τουτέστιν
968 1518 1053 1604 ἐ”γνω
1076 1517 1190 1603 σαφοός

84 1625 135 1694 ότι
160 1626 305 1693 σκοτεινά
324 1628 380 1692 καὶ
408 1625 554 1714 άγνωστα
586 1625 628 1691 τό
649 1629 724 1690 θεια
747 1623 804 1689 καὶ
829 1623 937 1686 πάσαν
956 1618 1189 1706 ὑπερβαίνοντα

82 1733 204 1821 γρῶσιν
224 1729 439 1814 ἀνθρωπίνην.
481 1730 537 1794 και
561 1727 723 1809 άλλαχοῦ
753 1724 789 1790 τό
816 1717 1028 1846 “όεωρακοδς
1051 1714 1140 1804 ἐμὲι
1127 1719 1223 1794 εάο

30 1845 73 1898 15
86 1854 166 1918 ρακε
186 1828 241 1896 τόν
273 1829 414 1916 πατέρα”
445 1829 633 1906 άκοόσαντες
665 1829 882 1912 ἐδιδάχθημεν
914 1822 959 1901 ιός
984 1819 1047 1910 ἤδη
1072 1821 1188 1888 τέλειοι

84 1932 131 2017 μὴ
84 1934 340 2018 μπροσδοκᾶν
363 1935 404 1997 δι’
425 1931 606 2018 ὀφθαλμῶν
630 1927 774 2056 όφεσθριι
793 1930 878 2006 θεόν,
901 1927 969 1992 ἀλλ’
992 1923 1167 1992 εἰδέναι
1129 1949 1188 2050 την

85 2037 143 2100 τοῦ
164 2036 243 2098 θεοῦ
264 2031 379 2120 δρασιν
412 2035 529 2119 γνοόσιν
562 2026 661 2097 οόσαν
693 2033 749 2096 καί
777 2029 892 2116 νοερόν
922 2031 1111 2114 κατάληφιν,
1132 2026 1189 2092 οόκ

88 2131 243 2220 αἴσθησιν
264 2135 457 2221 σωματικήν.
521 2132 614 2200 oridia
644 2129 700 2198 οὑν
730 2131 840 2196 καινόν
873 2133 902 2196 εἰ
934 2136 1001 2206 τοῖς
1027 2133 1190 2214 μαθηταῖς

90 2236 232 2300 άτελέσιν
254 2231 346 2301 οδσιν
367 2236 429 2313 ἔτι,
452 2237 508 2302 καί
531 2235 587 2314 τάς
610 2236 742 2310 ἐλπίδας
766 2232 939 2316 άβεβαίοος
965 2227 1191 2304 καδίάσθενεϊς

37 2337 137 2403 Ξθέιί
164 2335 251 2424 αὐτῷ
273 2336 473 2422 κεκτημένοις
495 2336 549 2403 διὰ
569 2336 604 2403 τό
624 2335 670 2421 μὴ
691 2333 734 2412 τός
764 2333 841 2399 θεόν
862 2335 929 2398 ἀλλ’
953 2329 997 2408 τός
1018 2326 1191 2417 άνθρωπον

89 2435 170 2521 δρᾶν
202 2436 295 2502 αὐτόν
325 2437 379 2504 διδι
409 2437 514 2526 φωτός
545 2438 752 2526 φαινόμενον,
782 2433 863 2521 πρός
893 2431 982 2518 ὑμὴ
1013 2432 1191 2518 φαίνεσθαι

91 2539 239 2616 δυνατόν,
271 2541 506 2626 παρεσκεύαζεν
538 2537 605 2626 ispi
634 2537 691 2603 καί
715 2536 803 2614 τάξει
829 2539 947 2621 νοητοῖς
983 2531 1065 2598 κατά
1092 2531 1188 2596 ‹idea-

87 2663 143 2723 μιν
166 2638 297 2705 άνιέναι.
346 2638 401 2725 τὴν
430 2640 492 2728 γάρ
527 2641 708 2726 σεβασμιάν
737 2635 978 2725 μακαριότητα,
1018 2632 1100 2700 κατά
1133 2630 1190 2698 τόν

91 2877 161 2924 tanta
180 2877 230 2935 est,
253 2877 284 2921 ut
300 2870 432 2922 rationem
449 2873 565 2922 omnium
589 2886 678 2923 earnm
698 2887 788 2923 rernm
807 2885 877 2938 quse
894 2884 928 2922 ss
946 2868 1116 2922 contimtum
1134 2883 1189 2922 non

91 2949 214 3066 ηρρρίτίιεε
232 2940 389 3011 intelligere
406 2943 549 3009 possimus,
569 2942 621 2995 boc
641 2949 732 2995 rectae
750 2941 950 3010 intelligentiae
970 2946 1019 3006 est,
1040 2939 1093 2992 boc
1109 2940 1190 2992 animi

188 3107 261 3160 Deus
281 3105 351 3158 enim
375 3115 485 3175 propter
512 3123 628 3161 amorem
648 3125 711 3177 erge
735 3108 856 3161 homines
875 3107 1020 3176 prudenter
1038 3104 1190 3161 bominibus

93 3188 122 3232 nt
139 3177 282 3232 infantibus
305 3177 340 3231 ab
368 3179 447 3232 initio
465 3180 545 3232 rebus
572 3180 719 3232 manifestis
741 3187 768 3232 et
794 3180 885 3247 coptni
905 3177 1189 3232 accommodatioribus

94 3264 264 3315 succurrens,
291 3250 354 3301 trita
372 3251 418 3302 via
436 3251 468 3302 ad
487 3251 677 3318 perfectiorem
703 3250 884 3304 conditionem
903 3251 986 3304 ducit.
1023 3250 1089 3304 llosi
1107 3250 1188 3316 enim,

94 3321 173 3374 aits.
193 3321 242 3372 ille
261 3319 476 3388 chrysostomus,
495 3338 546 3390 per
562 3323 650 3376 lucem
670 3323 837 3396 primamdei
858 3322 1038 3375 manifestatio
1058 3320 1129 3373 isctn
1147 3329 1189 3374 cst
1237 3383 1241 3394 Ι

94 3395 121 3446 in
141 3391 218 3456 silva,
239 3391 335 3444 deinde
356 3393 461 3445 ennbe
480 3409 540 3444 cum
560 3408 593 3445 eo
612 3393 763 3446 collocutus
781 3399 823 3446 est
841 3394 923 3457 deus3
953 3409 1033 3463 quum
1049 3400 1139 3445 autern
1154 3393 1189 3448 sd

94 3464 186 3518 altiora
205 3463 291 3545 aptior
311 3472 338 3514 et
365 3465 398 3516 ad
416 3465 596 3518 reconditiora
617 3465 702 3518 iactus
723 3473 811 3530 esset,
839 3466 867 3518 in
887 3465 995 3518 turbine
1012 3465 1089 3517 deum
1111 3464 1187 3517 vidit.

96 3533 168 3588 venit
188 3533 277 3596 enim,
296 3535 334 3585 ait
351 3535 456 3600 bloees,
485 3537 514 3588 in
536 3537 669 3589 turbinem
695 3536 739 3589 ubi
758 3502 818 3588 or6t
835 3536 920 3601 dcus3
945 3537 965 3588 i.
988 3550 1012 3586 s.
1031 3535 1144 3587 obscure
1161 3542 1190 3588 ot

94 3606 226 3672 incognito
253 3605 344 3657 divine
365 3613 391 3658 et
411 3622 514 3659 omnem
543 3609 677 3662 bominum
700 3607 908 3676 intelligentiam
932 3606 1086 3674 superantia
1103 3604 1189 3673 probs
1232 3641 1237 3652 .

95 3676 235 3729 intellexit.
274 3685 301 3728 ct
319 3675 396 3741 alias,
420 3678 465 3729 ubi
484 3679 602 3747 legitur·
631 3681 677 3748 qui
694 3680 771 3733 ridet
789 3696 848 3745 me,
867 3679 941 3731 uidet
962 3683 990 3728 et
1007 3684 1118 3742 patrem,
1135 3677 1188 3728 do

95 3763 180 3800 cemur
198 3747 249 3798 iam
267 3748 416 3814 perlectum
428 3765 487 3801 esse
499 3765 553 3802 non
572 3753 682 3804 credere
701 3766 751 3803 nos
766 3766 815 3818 per
829 3749 924 3802 oculos
941 3749 1083 3816 percipere
1099 3748 1187 3813 deum,

95 3821 138 3874 sad
155 3819 224 3870 scire
252 3818 296 3870 dei
321 3820 589 3888 contemplationem,
620 3821 726 3874 scilicet
744 3821 950 3889 intelligentium
976 3825 1004 3870 et
1021 3816 1187 3887 spiritualem

95 3891 300 3975 perceptionem,
317 3891 564 3956 concorporalem,
583 3906 639 3946 non
657 3894 867 3962 igitarnorum,
886 3893 909 3944 si
929 3890 1076 3958 discopulis
1092 3891 1187 3958 prolu-

97 3963 136 4015 nis
161 3969 188 4014 ct
213 3961 246 4011 iis
274 3961 319 4030 qui
347 3959 451 4012 debiles
484 3969 511 4012 et
534 3964 649 4016 indrmas
677 3966 711 4017 de
738 3979 771 4014 eo
791 3963 933 4028 habebant,
953 3964 1016 4032 quis
1035 3975 1089 4013 non
1109 3962 1187 4016 deun

97 4049 165 4097 eum,
187 4032 235 4085 sed
254 4031 386 4082 bominem
405 4031 538 4098 videbant,
558 4050 606 4101 per
624 4035 710 4090 lucem
730 4036 928 4102 apparentem
920 4051 948 4087 m
967 4036 1017 4099 eis,
1035 4033 1082 4085 ubi
1100 4045 1188 4101 appa-

95 4119 151 4157 rere
172 4117 227 4154 non
245 4109 351 4170 poterat
382 4101 447 4156 lecit
468 4112 497 4156 ut
520 4105 717 4174 intelligentiae
741 4121 793 4174 qna
819 4113 929 4172 possent
959 4107 1004 4160 vis
1032 4111 1060 4156 et
1089 4105 1187 4155 ordino

97 4177 268 4246 perciperent.
306 4172 422 4228 divinam
451 4175 521 4228 eninr
541 4177 720 4244 maiestatem,
748 4176 828 4232 utd.
847 4176 992 4245 Dionysius
1008 4176 1062 4243 sit,
1088 4174 1187 4244 mysti-
