3017 4759
224 259 448 334 moronus
468 258 731 328 namnum
747 258 856 328 xxxi.
877 237 1073 328 att-ot:
1124 253 1198 328 373

98 426 224 513 ια’κεῖνο
233 452 286 516 τρι
273 427 446 511 ἑφεξῆς,
475 421 604 488 scudici
625 422 752 488 πάντων
782 423 800 506 ἦ
824 424 880 504 τῆς
904 418 1098 498 α’κολονδίας
1115 446 1198 486 ταν-

98 551 155 611 apt
175 510 277 610 πλάνη
303 521 566 610 διενεχθήσεται,
588 529 644 610 τῆς
677 524 802 608 προδτης
829 515 952 606 ἇπᾰτης
974 517 1026 586 δια
1051 524 1115 586 τῶν
1136 546 1200 585 πα-

100 633 294 710 ρακειμένων
315 632 414 709 με’χρι
427 631 500 691 τῶν
518 623 664 715 λαχάνιον
682 619 879 708 διεξιούσης·
932 617 1002 688 εἶτα
1023 621 1067 696 ὥς
1092 615 1132 687 ds
1152 618 1197 706 μῆ

98 732 202 810 τοῦτο,
224 734 315 815 φησί,
335 729 491 810 πάθοιμεν
511 727 567 793 καί
586 726 678 812 ἡμεῖς
700 724 732 790 οἱ
759 725 838 808 πρὸς
868 721 924 809 τήν
946 720 1102 808 α’ληθινὴν
1122 716 1199 788 δεί-
1209 729 1230 784 i.
1243 727 1327 786 itta

73 845 176 914 5τηια
194 830 323 912 βλέπειν
342 829 435 950 παραὶ.
449 831 503 912 τῆς
523 832 653 914 γραφῆς
672 824 912 911 διδασκόμενοι,
935 828 998 890 πᾶν
1019 825 1056 912 τὸ
1075 822 1201 890 κτιστδν

98 928 160 1010 ἔξω
180 935 236 1014 τῆς
261 933 354 1006 θείας
389 954 518 1018 φνσεας
551 937 633 996 νοεῖν
664 927 925 1012 ἐπαιδεύθημεν,
956 917 1057 1012 μόνην
1085 927 1121 991 dd
1141 924 1201 1007 τήν

100 1055 250 1097 ακτιστον
284 1033 382 1118 φύσιν
410 1031 574 1116 λατρεύειν
593 1054 628 1096 τε
650 1053 702 1093 ναι
698 1015 991 1111 σεβοὶζεσδαι,
975 1050 1013 1112 ης
1033 1023 1199 1111 χαρακτήρ

99 1135 168 1197 εὀτι
189 1134 244 1199 καί
271 1130 434 1219 γνώρισμα
462 1132 498 1198 τὸ
527 1132 606 1216 μήτε
629 1123 792 1215 αρχεσδαι
822 1132 881 1195 τοῦ
912 1122 1000 1194 εἶναί
1029 1150 1101 1194 ποτε
1121 1123 1200 1212 μήτε

98 1232 271 1300 nudandos:

56 1356 90 1411 10
191 1331 340 1425 Ὁρᾷς
307 1358 340 1399 το
364 1336 426 1400 τῶν
446 1339 587 1419 πατρίων
613 1335 744 1414 δεσμτὸν
770 1332 824 1398 καί
845 1329 971 1419 ῥήσεων
992 1329 1202 1416 οἶναμφισβῆ-
1211 1341 1265 1396 ⁸0

99 1431 194 1518 τητόν
215 1459 248 1501 τε
265 1461 318 1502 και
313 1438 609 1520 δυσαντίβλεπτον
627 1431 710 1554 μετὰ
734 1433 838 1518 πάσης
860 1435 1034 1516 είκρινείας
1058 1457 1126 1513 αμα
1148 1455 1202 1496 και

99 1536 320 1623 καθαρότητος
342 1535 469 1622 προῖὁνς
489 1535 591 1622 μόνην
609 1535 671 1620 γὰρ
694 1532 752 1620 τήν
779 1538 871 1600 θείαν
894 1533 1008 1598 ον’σίαν
1029 1535 1083 1598 καί
1101 1527 1202 1618 φύσιν
1306 1576 1313 1590 1

100 1634 265 1719 inspac'css
285 1661 319 1703 τε
355 1662 407 1702 και
434 1641 590 1721 σέβεσθαι
617 1642 789 1722 παραινεῖ·
841 1629 913 1698 dd’
936 1629 1070 1697 α’νούσια
1091 1654 1127 1697 τε
1148 1634 1204 1699 καί
1315 1717 1323 1733 ,

101 1735 201 1802 πολλὰ
232 1737 288 1803 καί
318 1742 374 1823 τῆς
394 1743 485 1817 θείας
515 1737 643 1826 φύσιας
665 1737 772 1814 ἐκτός,
804 1731 925 1801 τούτων
956 1734 1050 1800 caldis
1073 1733 1202 1823 οείδαμῇ
1282 1738 1286 1749 “

57 1858 90 1913 15
99 1840 176 1922 μήτε
198 1850 386 1925 προσκυνεῖν
408 1840 487 1925 μήτε
508 1841 672 1924 cindatos.
721 1839 857 1918 πολέμια
885 1833 945 1920 γὰρ
971 1835 1119 1920 ἀλλήλοις
1147 1839 1203 1902 καί

100 1937 184 2006 πάνυ
217 1944 389 2025 μαχόμενα
422 1948 467 2029 τῷ
496 1966 530 2006 τε
562 1938 650 2031 μόνῳ
676 1938 715 2005 τοὶ
750 1935 849 2004 πολλοὶ
884 1935 940 2002 καί
967 1939 1005 2025 τῇ
1035 1935 1130 2026 οὐσίᾳ
1162 1935 1201 2001 τοὶ

99 2037 246 2107 α’νοίσια.
289 2045 378 2109 δυοῖν
401 2043 462 2128 γὰρ
487 2041 607 2126 ἀνάγκη
638 2040 838 2127 περιπίπτειν
860 2043 995 2130 θατέρᾳ,
1031 2031 1052 2122 ἢ
1083 2041 1121 2125 τῇ
1139 2039 1202 2104 τῶν

100 2143 223 2225 ἀσεβεῖν
247 2139 343 2234 ἀδείᾳ
368 2140 395 2228 ἧ
414 2144 470 2209 καί
487 2149 528 2230 τῇ
558 2147 613 2227 τῆς
629 2140 785 2225 Ἑλλήνων
804 2141 980 2216 πολνθεΐας
1008 2139 1202 2224 α’σεβεοτίρρ

99 2248 204 2335 κακία,
225 2243 343 2328 μεταξιλ
378 2251 523 2327 κειμένην
552 2247 809 2327 παρατρέχοντας
838 2236 894 2324 τήν
926 2241 1101 2322 ον’σέβειαν.
1157 2237 1201 2314 αἱς

53 2343 156 2424 posci
185 2350 279 2411 codro
305 2347 456 2422 πολλάκις
487 2342 563 2431 ἦμῖν
595 2339 744 2425 ἀνωτέρω
780 2346 833 2408 καί
865 2344 1003 2428 διαρκεῖς
1029 2341 1201 2406 α’ποδίδει-

101 2470 185 2527 κται,
205 2471 262 2530 την
285 2449 344 2529 μὲν
364 2449 427 2513 scol
445 2445 601 2530 Ἑλλήνων
614 2446 734 2530 δηλαδὴ
754 2444 931 2508 πολυθείαν
950 2436 1077 2529 βραχύν
1090 2463 1124 2505 τε
1146 2441 1202 2506 ναί

100 2545 158 2609 oo’s
180 2570 313 2630 απειρον
334 2547 388 2612 τὸν
424 2548 565 2633 αριθμὸν
588 2547 824 2632 κεκληρῶσθαι,
844 2542 903 2630 τήν
923 2545 959 2608 δὲ
976 2566 1032 2626 τον
1019 2533 1200 2623 Παλαμᾶ
1298 2613 1304 2622 .

99 2647 199 2733 πέρας
234 2643 340 2734 scipsis
372 2649 500 2737 ον’δαμῆ
531 2649 627 2729 ποτί,
650 2645 717 2710 oo’x
738 2639 799 2710 οιδ’
830 2643 980 2730 ὁπότερον
1006 2641 1130 2728 εἴποιμι
1160 2636 1202 2708 ds

102 3012 179 3051 error
197 2995 374 3065 permanabit,
393 3011 474 3064 quum
492 2997 577 3064 prima
595 2996 669 3051 irans
689 2997 752 3050 inde
770 2995 980 3066 perpropinqua
995 3010 1081 3064 usqua
1100 2997 1132 3050 ad
1152 3011 1203 3050 ex.

100 3076 187 3121 trema
205 3074 336 3135 permeat
373 3067 446 3131 dein,
464 3066 527 3133 hoc,
549 3069 646 3137 inquit,
664 3084 701 3120 ne
721 3069 863 3135 patiamur,
881 3081 932 3120 nos
952 3067 985 3122 ad
1004 3082 1095 3120 veram
1114 3069 1202 3122 daila·

102 3149 155 3191 tem
175 3128 273 3192 oculos
293 3146 453 3190 convertere
479 3140 568 3192 edocti
586 3142 734 3224 scriptura,
753 3154 832 3192 omno
853 3146 970 3192 creatum
992 3146 1067 3192 satra
1086 3140 1203 3194 divinam
1221 3197 1223 3202 ,

101 3219 223 3262 naturam
242 3212 364 3295 cogitare
381 3210 539 3273 didicimus,
568 3227 646 3264 unam
665 3213 811 3263 increatam
836 3205 954 3264 natu'ram
974 3211 1086 3264 adorare
1105 3220 1132 3266 st
1149 3228 1202 3266 ve·

99 3282 202 3347 nerori,
224 3283 299 3336 cuius
318 3282 424 3353 signum
445 3290 584 3352 astatque
603 3282 730 3335 indiciam
746 3297 836 3353 nequo
861 3283 983 3351 incipero
1002 3298 1064 3336 esse
1080 3298 1133 3337 nec
1151 3285 1202 3336 de-

100 3355 206 3408 sistere.

204 3450 322 3502 Videsne
341 3459 462 3505 veterum
482 3451 651 3504 decretorum
672 3450 856 3520 dictorumque
873 3450 1087 3518 probabilitatem
1106 3454 1138 3506 ad
1155 3469 1203 3506 re.

105 3521 242 3574 futandnm
261 3520 397 3574 difficilem
409 3540 468 3575 cum
479 3524 550 3575 omni
564 3523 757 3591 perspicuitate
777 3531 804 3574 et
817 3525 945 3576 munditie
964 3523 1104 3592 prolatam.
1124 3540 1201 3577 unam

103 3595 173 3646 enim
193 3592 310 3645 diuinam
335 3595 476 3646 essentiam
497 3605 523 3648 et
542 3603 661 3647 naturam
684 3593 796 3646 adorare
816 3602 843 3646 et
865 3597 990 3648 venerari
1010 3603 1201 3650 commonetur.

102 3662 287 3719 inessentialia
308 3671 334 3716 et
350 3665 433 3717 multa
459 3675 486 3718 et
517 3675 590 3720 satra
613 3667 730 3718 divinam
755 3674 876 3720 naturam
901 3669 989 3736 posita
1009 3667 1117 3720 minime
1133 3667 1201 3720 ado.

100 3752 161 3789 rare
183 3742 210 3786 et
227 3736 363 3788 senemri.
399 3736 452 3788 sibi
472 3740 543 3791 enim
562 3739 672 3790 inimica
689 3745 717 3788 et
735 3737 814 3790 valde
833 3739 1020 3807 repugnantia,
1040 3739 1087 3791 uni
1106 3737 1200 3806 multa,

101 3807 237 3860 essentias
264 3806 459 3859 inessentialia
505 3824 618 3861 necesse
647 3816 687 3862 est
710 3816 740 3860 ut
764 3810 910 3862 incidamus
938 3819 984 3862 aut
1008 3811 1068 3861 in
1061 3811 1201 3878 impiorum

100 3879 258 3932 atheismum
280 3885 326 3929 aut
344 3878 372 3929 in
393 3878 553 3932 Graecorum
572 3879 898 3947 polytheisminelandsm
912 3880 1100 3947 calamitatem,
1118 3897 1201 3951 prae-

24 3989 29 3998 ,
99 3957 239 4004 tercuutes
257 3948 420 4016 religionem
438 3951 508 4001 intra
534 3952 664 4017 positam,
691 3951 762 4020 quod
788 3966 867 4018 supra
893 3958 919 4003 ct
937 3961 1067 4021 perpetuo
1089 3955 1202 4007 demon·

103 4021 264 4074 stravimus
294 4035 391 4087 nempe
411 4019 573 4074 Graecorum
591 4021 786 4088 polptheismus
806 4022 953 4106 exiguum,
974 4039 1027 4077 non
1046 4026 1202 4077 immensum

107 4107 246 4145 numerum
265 4090 317 4143 sibi
336 4093 516 4159 comparavit,
543 4090 663 4144 Palsmas
687 4107 753 4145 vero
779 4094 875 4147 lines
868 4097 993 4150 inveniro
1011 4094 1087 4149 nullo
1113 4094 1202 4162 modo,

105 4165 203 4219 nescio
220 4170 309 4217 utrum
327 4162 398 4225 nolit
416 4179 450 4217 sn
468 4170 595 4235 nequeat
632 4171 773 4234 utrumque
792 4165 862 4218 enim
881 4165 940 4220 fleri
958 4175 987 4222 et
1005 4173 1131 4238 potestat
1147 4180 1201 4226 non
