3017 4759
272 200 343 275 188
448 242 452 248 -
575 204 798 308 nicensem
831 205 1059 272 cnseonsn

198 426 203 435 .
267 370 464 451 τοκουζηνοό
477 364 533 451 τη“ν
549 369 669 430 δειλίαν
683 358 846 449 ἐνεποίησέ
864 368 967 449 μέρει.
1010 355 1064 447 ἧκε
1083 364 1144 447 γὰρ
1162 368 1302 447 ἐλπίσας,
1324 363 1370 441 ῶς

268 468 360 554 φασί,
382 468 498 557 ῥᾳδίαν
529 467 616 555 crispi
637 464 692 549 την
723 466 769 540 εἰς
790 462 968 544 Βυζάντιον
989 465 1111 532 εἴσοδον
1133 464 1267 531 ἔσεσθαι
1288 464 1370 551 πρός

267 570 360 633 τινῶν
380 568 490 653 κρόφα
504 570 791 651 διαμηνυσαμίνων
818 567 904 651 ου’τῷ
918 565 979 649 πρό
1002 569 1141 649 βραχέος
1162 563 1195 631 τό
1212 570 1270 631 τοῦ
1288 591 1371 634 συν-

267 670 409 753 θήματος
430 668 548 751 δρᾶμα.
590 670 661 733 ἐπεί
682 666 752 752 d’p‘
782 670 909 747 βασιλίς
932 665 1052 751 Εἰρήνη
1085 669 1230 754 διανέστη
1253 692 1288 733 τε
1306 692 1371 731 πα-

267 772 422 855 ραχρῆμα
455 770 510 833 καί
537 768 789 851 δραστιιωότερον
819 757 844 849 ἢ
863 759 941 831 sord
965 769 1148 850 γυναικείαν
1175 768 1274 854 φύσιν
1294 770 1398 842 δια-5

269 873 447 955 κτησαμένη
469 868 747 951 τός,πανταχόθεν
779 867 1037 946 όποπτευομένας
1065 869 1210 945 εἰσόδους
1231 868 1370 952 τόχιστοι

269 969 471 1056 η’σφαλίσαιό
488 994 521 1035 τε
550 972 606 1033 καί
638 970 702 1034 τῶν
723 965 984 1047 ὑποπτευομένων
1012 966 1058 1033 ἔτι
1081 968 1259 1053 προσώπων
1280 968 1370 1043 ἐντός

270 1070 451 1147 Βυζαντίου
473 1067 532 1144 τός
548 1066 651 1150 όρμός
665 1068 821 1133 ἀνέστειλε
839 1067 922 1131 πάνυ
944 1072 1087 1151 ταχείαις
1099 1068 1220 1153 χερσίν,
1242 1064 1370 1155 όπραιι-

204 1190 320 1242 ιοτον
340 1168 439 1233 αότόν
461 1173 495 1233 όν
516 1172 620 1253 τρισίν
641 1170 775 1253 ἡμέραις
807 1170 958 1231 ἀπελθεῖν
980 1164 1163 1252 ἐπεπράχει.
1205 1172 1282 1233 δέκα
1305 1194 1369 1250 με·

267 1266 346 1345 τοξό
368 1273 534 1352 παρῆλθον
557 1268 692 1353 ἡμέραι,
715 1267 770 1331 καί
791 1262 873 1351 ἄρας
901 1266 915 1331 ό
941 1267 1203 1353 Κανταιιουζηνός
1224 1272 1256 1346 ἐξ
1276 1269 1370 1352 'Ope-
1380 1287 1415 1341 10

234 1376 241 1388 '
267 1370 395 1443 στιόδος
423 1364 495 1453 ἧκεν
524 1374 568 1445 είς
598 1366 776 1449 Βυζάντιον
808 1367 861 1432 διό
886 1372 997 1439 ταῦτα,
1048 1371 1104 1434 καί
1127 1364 1268 1445 ὕποπτον
1286 1368 1370 1452 ἔχων

267 1467 302 1534 ἐκ
323 1476 441 1535 πολλοῦ
472 1472 526 1536 τόν
557 1468 756 1554 πατριόρχην
786 1472 910 1537 πολλῶν
925 1476 963 1533 ’τε
995 1464 1099 1536 dites
1121 1472 1212 1536 ἕνεκα
1236 1474 1290 1535 καί
1312 1475 1369 1554 τῆς

268 1566 348 1653 πρός
371 1570 593 1654 Παλαιολόγον
624 1571 763 1650 μάλιστα
786 1574 897 1657 φιλίας
923 1570 978 1635 καί
1000 1570 1242 1656 ὁμοφροσύνης,
1265 1568 1369 1655 σοφόν

268 1664 354 1735 εἶναί
383 1668 412 1734 οἱ
448 1666 628 1751 νενόμισται
658 1679 772 1755 πεῖραν
798 1676 852 1735 καί
877 1676 934 1735 νόν
967 1673 1133 1757 εἰληφέναι
1159 1673 1212 1754 τῆς
1241 1672 1369 1755 γνῶμης

267 1773 377 1835 adast.
421 1776 551 1853 πέμψας
574 1766 632 1834 οὖν
654 1764 746 1854 ἤρετο
769 1775 800 1836 εἰ
827 1772 891 1855 χρὴ
915 1781 982 1847 ταῖς
1003 1774 1063 1836 τῶν
1087 1776 1290 1854 στρατιωτῶν
1313 1772 1370 1837 καί
1379 1794 1412 1848 15

267 1874 330 1934 τῶν
351 1866 454 1946 ἄλλως
474 1871 615 1954 ἑχόντων
645 1876 857 1956 συγκλητικῶν
879 1871 1006 1952 εἴξαντα
1028 1878 1115 1955 βίαις
1145 1870 1201 1959 τήν
1222 1898 1256 1938 τε
1288 1877 1370 1939 α’να-

266 1973 415 2060 γόρευσιν
434 1977 492 2036 τοῦ
513 1970 608 2045 υῖὲως
641 1970 790 2037 ἐνδοῦναι
815 1974 990 2039 Ματθαίαυ
1019 1980 1190 2058 γενέσθαι,
1225 1979 1278 2041 καί
1298 1972 1367 2055 ἅμα

266 2076 311 2160 τῷ
329 2076 387 2135 τοῦ
404 2073 552 2156 γαμβροῦ
567 2072 794 2155 Παλαιολόγου
816 2073 1047 2165 α’μνημοσόνην.
1092 2070 1109 2137 ό
1130 2078 1157 2138 δ’
1172 2076 1239 2139 οὐδ’
1258 2069 1368 2159 ἄκροις

198 2200 201 2212 ·
266 2175 415 2256 η’νίσχετο
437 2176 592 2251 δέξασθαι
613 2183 677 2249 τοῖς
696 2175 788 2255 ῶσίν,
812 2172 892 2238 diti
914 2179 1121 2258 τραχυτέροις
1142 2200 1175 2241 τε
1198 2174 1366 2241 α’πεῶσατο

265 2274 381 2355 λόγοις,
401 2277 456 2339 καί
477 2268 543 2352 όμο
565 2278 598 2348 ἐς
626 2273 684 2357 την
706 2276 880 2357 ὑστεραίαν
911 2279 968 2339 τοῦ
990 2274 1221 2359 πατριαρχείου
1242 2278 1412 2355 ἐξίστα-ρο

190 2420 196 2427 -
265 2396 340 2437 ται·
382 2374 436 2461 κατ’
459 2372 556 2450 ου’τός
577 2378 637 2456 μὲν
656 2378 699 2439 ’ἐν
733 2380 773 2462 τῇ
802 2381 858 2441 τοῦ
880 2376 1255 2443 Ἀθανασιλιυικαταλόει
1277 2382 1367 2467 μονῇ,

127 2481 148 2538 i.
165 2480 215 2538 10⁷
228 2498 256 2537 r.
265 2470 305 2541 τό
326 2476 362 2539 dd
382 2474 563 2561 σκευοφόρα
585 2479 617 2549 ίς
642 2476 700 2559 τήν
723 2480 782 2539 rosi
800 2478 893 2558 όγίου
917 2474 1095 2556 Μίμαντος
1120 2480 1368 2565 α’πεφορτίςοντο

253 2574 374 2656 μονήν,
395 2569 434 2657 ἢν
454 2574 515 2657 πρό
531 2572 689 2660 τεττάρων
710 2577 866 2640 ἐνιαυτῶν
888 2580 1115 2663 σφετερίζεται.
1137 2575 1263 2663 βραχός
1284 2581 1367 2643 ἐκεῖ·

266 2676 324 2737 θεν
346 2674 445 2761 ε’ρρόη
465 2672 602 2759 χρόνος,
624 2676 680 2741 καί
692 2679 867 2752 Μοτθαῖος
891 2678 907 2741 ό
927 2678 985 2742 τοῦ
1006 2682 1275 2765 Καντακοοζηυοῦ
1298 2675 1368 2757 υἱός

240 3005 242 3013 ,
267 2968 350 3021 iestus
370 2968 420 3021 ille
439 2968 523 3022 fuisse
540 2970 598 3023 iore
615 2978 645 3023 nt
663 2970 744 3023 facile
755 2970 913 3037 Byzantium
931 2971 1055 3023 introiret
1069 2971 1136 3024 clam
1150 2976 1269 3041 acceptis
1287 2974 1367 3029 breui

266 3044 299 3094 de
317 3057 406 3093 rerum
427 3044 580 3095 conditione
599 3046 709 3095 nuntiis.
734 3044 813 3094 Irene
833 3050 919 3093 autem
939 3046 1031 3110 regina
1052 3060 1129 3112 quum
1149 3045 1236 3098 subito
1255 3062 1285 3098 se
1304 3063 1367 3099 ere.

265 3114 351 3165 xisset
371 3120 398 3163 et
414 3115 502 3164 animo
527 3116 631 3166 acriore
650 3131 726 3185 quam
746 3130 798 3183 quo
817 3114 944 3165 mulieres
963 3114 1061 3179 solent,
1082 3131 1170 3167 rerum
1191 3118 1367 3185 gerendarum

240 3203 244 3222 ι
267 3181 409 3234 consilium
428 3186 561 3250 cepisset,
580 3185 691 3237 lubricis
710 3187 810 3254 ubique
828 3188 880 3238 viis
909 3201 985 3253 quam
1006 3186 1147 3259 celerrime
1165 3190 1273 3239 munitis
1292 3198 1318 3241 et
1339 3192 1367 3241 in

266 3251 427 3322 periculosis
455 3255 579 3320 Byzantii
612 3258 821 3326 propugnaculis
851 3258 986 3323 copiarum
1025 3258 1192 3310 multitudine
1225 3259 1366 3325 collocate,

265 3324 351 3376 tribus
373 3331 435 3390 post
452 3326 546 3375 diebus
578 3343 636 3377 eum
662 3330 769 3380 infectis
797 3329 876 3381 rebus
900 3327 974 3379 abire
1003 3330 1102 3396 coegit.
1146 3329 1236 3382 decem
1263 3332 1367 3384 interea

266 3394 457 3463 praeterlapsis
481 3395 574 3448 diebus
588 3399 791 3451 Cantacuzenus
806 3400 945 3452 Orestiade
964 3400 1059 3451 relicta
1077 3400 1234 3467 Byzantium
1255 3402 1289 3454 ob
1309 3419 1366 3454 eam

267 3482 372 3518 causam
390 3467 489 3519 itinere
511 3469 657 3520 contendit.
696 3478 723 3521 et
744 3487 822 3539 quum
841 3472 869 3521 in
889 3472 1042 3537 suspicione
1061 3472 1236 3539 patriarcham
1256 3473 1367 3526 heberet

267 3555 326 3590 cum
344 3538 378 3589 ob
397 3539 465 3590 alias
486 3555 579 3590 causas
598 3547 651 3591 tum
671 3543 836 3607 potissimum
857 3542 890 3592 ob
910 3544 1051 3595 amicitiam
1071 3559 1122 3611 qua
1140 3546 1320 3611 propenderet
1338 3548 1366 3597 in

266 3608 468 3679 Palaeolognm‚
487 3610 692 3677 prudentissime
713 3613 764 3663 sibi
785 3614 858 3663 visus
881 3621 921 3663 est
941 3616 1103 3680 experiendo
1131 3631 1190 3666 esse
1211 3618 1267 3668 eius
1287 3619 1315 3669 in
1336 3633 1366 3669 se

267 3681 432 3734 voluntatem
452 3680 648 3734 intellecturus.
685 3684 758 3734 misit
774 3684 857 3751 igitur
876 3684 920 3751 qui
949 3700 983 3735 ex
1002 3700 1034 3735 eo
1054 3696 1214 3755 quaererent
1231 3703 1293 3738 num
1313 3690 1366 3741 mi.

267 3751 344 3803 litum
365 3761 391 3803 et
406 3761 559 3805 senatorum
579 3752 681 3804 viribus
701 3755 798 3806 cedens
818 3755 1007 3821 persuaderet,
1034 3766 1062 3809 ut
1083 3757 1229 3811 Matthaeus
1248 3775 1297 3811 rex
1316 3761 1367 3812 de-

245 3821 415 3881 clararetur
433 3833 461 3876 et
479 3823 643 3893 Palaeologo
663 3839 759 3877 socero
779 3827 973 3893 ignosceretur.
1011 3844 1080 3896 quae
1093 3830 1142 3880 ille
1162 3846 1240 3899 quum
1253 3828 1366 3882 moleste

241 3906 243 3910 ·
266 3894 338 3945 ferre
359 3894 495 3947 videretur
520 3904 547 3946 et
576 3897 729 3963 asperrimis
758 3897 848 3947 verbis
876 3899 1019 3963 reliceret,
1045 3917 1078 3951 ex
1102 3901 1280 3967 patriarchica
1301 3903 1366 3953 sede

266 3965 368 4017 eiectus
387 3973 428 4016 est
447 3968 585 4032 postridie.
623 3968 682 4035 ipse
703 3967 773 4033 apud
786 3967 960 4021 Athanasium
979 3971 1106 4035 divertit,
1136 3972 1260 4039 supellex
1277 3981 1367 4024 autem

265 4034 350 4088 inst.
372 4038 509 4089 hiemantis
522 4039 686 4090 mansionem
705 4046 884 4107 transportata
902 4049 951 4105 est,
973 4059 1050 4111 quam
1069 4052 1131 4096 ante
1151 4052 1264 4112 quatuor
1282 4058 1367 4095 annos

263 4106 316 4159 sihi
334 4116 444 4180 emerat.
481 4108 557 4161 brevi
578 4110 647 4162 inde·
657 4119 780 4178 tempore
800 4112 1000 4183 praeterlapsis,
1019 4115 1166 4169 Matthaeus
1186 4115 1368 4171 cenucuzeni
