3017 4759
262 237 483 303 nrsronme
502 173 759 306 eimnrmna
778 239 902 303 xxxu.
925 221 1109 306 tat-aa.
1170 233 1241 307 397

149 397 386 484 οἶδιαφοροῦσιν
406 397 462 466 ἐπί
473 405 621 466 τοσοόιον
636 400 687 466 τόν
708 401 817 465 λοιπόν
837 406 890 485 τῆς
907 395 1032 465 ἑαυτῶν
1058 403 1140 482 ζωῆς
1161 399 1245 485 χρό-

149 521 202 562 νον
225 500 268 576 οός
289 504 395 566 πᾶσαν
417 503 550 566 α’τοιτίαν
574 501 723 587 πράττειν
747 503 864 585 duania,
887 508 1047 586 μοιχείαις
1068 502 1245 584 ἀσελγείαις

149 606 417 684 γαστριμαργίοις
453 605 699 690 α’λληλογαμιάις
735 608 791 669 καί
833 604 1025 681 ἁπαξαπλῶς
1064 606 1098 666 ἐν
1130 604 1247 677 πόσαις

150 702 299 776 ἀσωτίαις
320 703 618 786 ἐγκολινδοόμενοι,
640 706 679 768 τοὶ
702 709 834 769 τοιαῦτα
855 702 1006 786 πράττειν
1027 705 1162 778 οἷπαθοός
1193 726 1247 766 τε-

123 799 348 885 5ρατεόονται,
374 801 578 887 ἀναισθήτως
593 808 763 880 ,νοσοῦντες
778 803 835 888 τήν
859 806 1048 889 όμπόθειαν,
1071 807 1126 869 καί
1147 805 1247 868 α’ναλ-

148 898 251 983 γὴτως
281 901 337 987 ὑφ’
360 897 481 968 seusun
509 905 686 988 πάσχοντες
714 908 769 969 καί
791 907 855 969 τῶν
883 907 918 968 όν
940 905 1046 979 οότοΐς
1077 902 1247 970 οἰκούντων

149 1003 316 1084 δαιμόνων,
340 999 445 1086 οἵσπερ
471 1003 501 1069 οἱ
522 1010 679 1089 φρενίτιδι
704 1009 912 1089 κατεχόμενοι
935 1009 1029 1095 νόσιρ.

249 1101 389 1188 Εόρρῖσιι
412 1108 441 1169 δ’
461 1101 477 1167 ὁ
499 1105 691 1189 βουλόμενος
720 1107 795 1189 περί
818 1108 934 1172 τοότων
954 1110 1013 1176 κοῖν
1031 1113 1075 1198 epi
1095 1103 1162 1196 r‘r'pp*
1183 1112 1311 1173 τιόνΜ

149 1208 328 1287 πρακτικῶν
347 1209 404 1287 τῆς
424 1207 514 1289 ἁγίας
544 1210 600 1270 καί
628 1210 847 1290 οἰκουμενικῆς
881 1207 988 1293 τρίτης
1016 1211 1171 1291 σονόδοιι,
1192 1210 1247 1274 καί

106 1319 139 1373 10
148 1302 262 1384 δμοίως
276 1307 330 1389 τῆς
344 1303 491 1393 ἑβδόμης,
508 1302 593 1383 όπως
608 1332 642 1373 τε
656 1309 890 1389 ἐκπομπιόοοσι
907 1311 963 1373 καί
977 1312 1246 1393 α’ναδεματίζοιισι

146 1405 205 1480 τὰς
224 1406 374 1490 μοσαρός
388 1409 494 1474 οιότοόν
509 1412 667 1491 ἐργασίας,
688 1412 743 1473 καί
758 1405 842 1483 όττως
855 1407 928 1482 τοός
941 1409 1054 1485 ον’τοός
1067 1415 1246 1477 Μοισαλια-

146 1505 219 1583 νοός
231 1533 266 1572 τε
277 1514 409 1574 καλοῦσι
425 1513 478 1574 καί
489 1507 749 1594 Μαρκιωνιστοὶς.
789 1511 960 1590 οἶρκίσοοσι
979 1515 1008 1575 δ’
1022 1509 1067 1574 ἔτι
1077 1512 1131 1576 καί
1144 1516 1245 1590 νότιός
1300 1523 1307 1532 ”

146 1608 283 1689 δήλωσιν
298 1605 378 1672 itte
393 1634 424 1673 re
436 1617 563 1675 πλεῖστα
577 1609 741 1692 μαρτύρια
755 1611 811 1674 καί
823 1613 923 1695 σαφῆ,
933 1611 1055 1695 καίπρό
1069 1636 1103 1695 ys
1117 1611 1244 1680 πάντων

142 1706 175 1780 οἱ
195 1711 229 1772 ἐκ
245 1712 303 1773 τοῦ
317 1701 410 1775 ”Aee
432 1711 491 1773 τοό
511 1703 607 1790 όροος
620 1714 675 1773 καί
689 1709 738 1784 δίς
759 1715 814 1774 καί
825 1714 894 1794 τρίς
904 1715 960 1776 καί
974 1713 1122 1788 πολλάκις
1136 1717 1246 1800 ε’ληλιι.

102 1825 134 1878 15
145 1811 237 1886 θότες
253 1817 566 1896 πεπαρρησιοσμένοι
585 1816 640 1876 καί
652 1807 806 1896 ὕπαιθροι
828 1813 928 1895 τόμοι,
942 1815 979 1878 τό
992 1813 1112 1879 τούτων
1124 1814 1243 1898 αἰσχροὶ
1268 1877 1271 1889 ,

145 1915 220 1976 καθ’
240 1913 358 1975 ἕκαστα
380 1917 608 1994 παριστοόντες.
648 1914 715 1977 ἀλλ’
738 1917 843 1995 εἰμὲν
866 1917 947 1978 τοῦτ’
977 1907 1016 1998 ἢν
1038 1914 1054 1978 ό
1079 1918 1133 1998 τῆς
1154 1915 1245 1998 ἡμῶν

146 2015 307 2092 εὐσεβείας
327 2015 379 2078 καί
399 2018 533 2089 πίστεως
552 2008 636 2096 όρος,
658 2017 776 2080 εἰδέναι
793 2015 1051 2099 πῶςΘαβοόρκαί
1066 2014 1191 2098 Ἔρμιόν
1211 2015 1245 2082 ἐν

145 2115 188 2196 τῷ
212 2113 345 2192 ὀνόματι
366 2119 478 2195 κνρίον
500 2115 754 2197 η’γαλλιόσοντο,
790 2120 845 2178 καί
865 2119 910 2189 εἰς
937 2116 1022 2178 τοῦτ’
1045 2113 1185 2200 α’νάγκης
1205 2107 1244 2198 ἦν

145 2212 181 2276 τό
202 2212 443 2296 περιιστάμενοι
464 2214 520 2289 τὰς
539 2217 607 2279 ἐκεῖ
616 2221 872 2295 δουριατοποιιας
894 2218 1013 2280 εἰδέναι
1034 2219 1090 2279 καί
1110 2217 1244 2292 ταότοιις

101 2316 201 2394 οοτῆς
223 2315 463 2396 προσκυνήσεως
487 2318 592 2395 νέμειν
621 2313 655 2378 τό
677 2317 865 2397 κράτιστον,
896 2319 1021 2397 πριότον
1051 2319 1108 2397 μὲν
1133 2319 1242 2400 σοφῶν
1253 2324 1271 2376 i.
1284 2323 1332 2378 161
1343 2339 1371 2379 r.

145 2415 269 2494 οἷνδριδν
295 2418 395 2478 ε’δεῖτο
415 2412 496 2498 πρός
525 2413 659 2497 ἔρευναν
688 2418 876 2501 τάσφαλοῦς
901 2419 1036 2500 α’κριβῆ,
1074 2420 1128 2481 καί
1148 2418 1242 2482 οὐδὲν

145 2505 185 2577 όν
207 2507 245 2596 ἦν
276 2514 469 2601 (ἰδικώτερον
498 2514 576 2582 κατοὶ
600 2516 655 2582 τόν
686 2515 814 2584 εἰπόντα
837 2524 894 2602 τῆς
924 2519 1079 2604 ἡμετέρας
1099 2521 1241 2601 πίστεως,

144 2618 176 2682 εί
197 2613 232 2680 τό
253 2621 346 2683 πλέον
368 2611 454 2702 εἶχον
476 2616 505 2684 οἱ
527 2622 644 2706 σοφοί,
673 2618 727 2685 καί
756 2621 812 2685 οὐκ
832 2624 880 2687 ἐπ’
903 2618 974 2708 ἴσης
1003 2623 1061 2686 τοῦ
1079 2620 1243 2700 σώζεσθαι

143 2963 237 3021 tatem,
261 2969 337 3007 usum
369 2970 428 3006 curn
446 2953 558 3006 alierum
584 2955 728 3034 σκοτίοιο,
760 2956 866 3007 omnine
892 2969 927 3005 ne
945 2954 1036 3007 multis
1065 2955 1154 3008 verbis
1182 2963 1241 3007 utar

144 3043 247 3080 omnem
266 3025 402 3080 libidinem
430 3041 480 3094 qua
512 3027 628 3078 immersi
653 3029 717 3080 talia
736 3027 826 3078 facere
852 3025 939 3092 palam
957 3041 1011 3077 non
1037 3033 1196 3077 vererentur
1214 3033 1242 3076 et

143 3101 182 3150 sic
202 3107 325 3166 tauquam
340 3099 410 3148 omni
430 3113 510 3149 sensu
530 3097 660 3151 alienatos
686 3098 809 3152 laborare
835 3111 881 3148 ens
905 3097 998 3149 morbo
1020 3097 1241 3164 intemperantiae

144 3185 208 3220 suae
235 3178 262 3221 et
290 3171 369 3221 durus
398 3176 517 3226 asemet
542 3171 609 3235 ipsis
638 3177 664 3220 et
687 3185 701 3219 a
727 3168 899 3220 daemonibus
918 3169 963 3237 qui
989 3169 1016 3218 in
1037 3170 1071 3220 iis
1091 3168 1240 3220 habitarent

143 3242 247 3308 perpeti
270 3242 402 3293 cruciatus
422 3249 450 3292 ut
471 3241 514 3308 qui
535 3241 661 3307 phrenesi
679 3240 771 3291 morbo
790 3241 877 3291 affecti
897 3247 995 3292 esseut.

241 3337 365 3390 Inveniet
383 3347 470 3389 autern
491 3339 523 3389 de
542 3337 583 3388 his
604 3339 648 3405 qui
670 3337 813 3388 consulere
833 3337 900 3389 velit
917 3339 945 3389 in
963 3336 1105 3404 disciplina
1123 3338 1157 3389 de
1175 3353 1239 3404 pra.

144 3409 220 3460 cticis
239 3418 347 3461 sanctae
371 3411 606 3464 etoecumenicae
621 3410 715 3460 tertiae
734 3409 830 3474 synodi
850 3410 927 3461 etiam
947 3411 1086 3476 septimae,
1106 3410 1238 3476 quomado

143 3481 276 3532 diffament
296 3488 322 3531 et
342 3482 518 3533 condemnent
536 3481 623 3548 turpia
642 3479 734 3531 horum
755 3481 874 3532 facinora
903 3489 929 3532 et
950 3481 1081 3549 quomode
1100 3480 1240 3532 Massalia.

142 3565 191 3602 nos
211 3553 275 3604 istos
294 3551 432 3618 appellent
442 3562 468 3604 et
478 3554 670 3606 marcionistas.
701 3551 868 3604 satisfacient
880 3561 967 3603 autern
985 3567 1056 3602 nunc
1075 3551 1107 3600 ad
1127 3551 1241 3600 criden.

142 3623 204 3674 tiam
223 3621 274 3674 alia
294 3623 407 3690 plurima
425 3626 577 3676 testimonia
597 3622 734 3674 luculenta
759 3631 786 3675 et
803 3640 868 3691 prae
898 3622 957 3674 aliis
976 3621 1097 3672 omnibus
1120 3636 1188 3687 quae
1208 3619 1240 3671 ab

142 3693 213 3746 Atho
229 3703 318 3744 monte
337 3694 378 3745 bis
400 3703 426 3746 et
444 3704 484 3746 ter
505 3703 530 3747 et
553 3697 660 3764 saepius
680 3697 712 3746 a'd
731 3710 781 3746 nos
809 3701 991 3762 pervenerunt
1011 3690 1137 3759 evuigata
1157 3698 1183 3742 ct
1202 3691 1240 3742 li.

142 3765 207 3816 bere
225 3764 311 3832 palam
332 3768 452 3832 exposita
478 3768 634 3818 documenta
661 3767 755 3835 quibas
781 3769 888 3820 illorum
915 3762 1021 3830 singula
1043 3761 1144 3831 flagitia
1167 3763 1240 3814 indi.

143 3844 244 3886 cantur.
282 3844 308 3888 ut
331 3837 353 3886 si
373 3838 468 3904 pietais
486 3847 594 3888 nostrae
615 3847 642 3889 et
660 3847 768 3890 sauctae
790 3839 927 3890 doctrinae
939 3837 1067 3885 intererat
1086 3835 1240 3902 intelligere

142 3909 273 3976 quomodo
284 3907 387 3959 Thabor
406 3916 432 3959 et
443 3908 557 3960 Hermen
570 3911 597 3960 iu
611 3912 719 3962 numine
738 3911 838 3961 domini
850 3907 979 3959 celebrati
997 3914 1086 3958 essent
1106 3914 1133 3957 et
1153 3909 1175 3958 si
1189 3906 1239 3956 hac

142 3982 223 4032 dere
242 3980 422 4030 necessarium
454 3981 560 4031 omuino
589 3989 645 4031 erat
669 3998 736 4049 quae
766 3998 823 4031 cum
842 3979 978 4030 miraculis
1007 3979 1044 4029 ibi
1072 3979 1150 4029 editis
1171 3993 1239 4028 con.

137 4051 363 4103 iunctaiuissent
380 4051 526 4118 inquirere,
548 4053 634 4120 iisque
662 4054 863 4106 venerationem
882 4067 1008 4103 summam
1028 4049 1161 4102 tribucre:
1181 4049 1239 4115 pri.

140 4137 209 4176 nrum
229 4137 296 4191 opus
316 4131 372 4174 erat
393 4131 455 4174 uta
476 4125 541 4176 viris
563 4123 648 4178 doctis
669 4141 737 4194 quae
757 4132 831 4177 certa
850 4125 903 4176 sint
921 4131 1045 4176 accurate
1066 4121 1238 4190 inquirerent.
