3017 4759
243 205 465 279 uuronmu
493 186 751 283 suaruuun'u
779 186 890 283 xxva
910 200 1098 287 tr-ls.
1167 204 1237 284 loo

134 372 214 438 κατὰ
238 374 386 457 περίοδον
407 378 463 458 τῆς
484 377 606 460 ἡμέρας
630 377 763 461 ἐτήσιον,
794 378 951 461 ἀπέσχετο
972 382 1030 444 τοῦ
1052 382 1164 445 λοιποῦ
1185 381 1240 444 κατ’

133 479 308 561 σεσίγηκεν,
334 478 374 537 ου’
407 476 487 539 καλό
506 480 723 563 μαντευομένη
745 478 820 562 περὶ
839 472 985 575 ηόνδρός,
1014 480 1083 545 οὐδ’
1105 476 1239 563 ἑσπέρας

135 574 328 659 ἀπαντήσειν
350 580 570 663 στοχαζομένη
592 578 648 643 τόν
671 576 789 659 δρόμον
818 583 875 644 τοῦ
903 584 976 661 βίου
995 578 1134 666 χρηστόν
1153 580 1240 667 crispi

136 674 192 739 κατ’
215 679 317 739 παισί.
360 682 415 740 και“
434 680 494 755 μὲν
515 676 552 762 δὴ
574 681 660 744 τοῦτ’
681 672 721 763 ἦν
743 676 762 742 ό
783 678 841 765 την
855 704 887 745 τε
909 680 1064 764 πρόθεσιν
1085 680 1139 747 καί
1159 703 1240 767 προ-

111 779 263 857 έθυμέαυ
284 774 395 856 ἔσβεσε
425 780 482 859 τῆς
503 782 668 860 βασιλίδος
696 775 791 861 τότε,
825 780 880 844 aar*
904 781 959 865 την
987 776 1099 867 ἒορτὴν
1121 787 1241 867 ἐκείνην
1262 770 1274 789 “

137 879 301 960 πέπραχευ
331 870 480 961 όνέορτον
507 884 581 962 πρίν
603 882 648 954 εἰς
679 876 803 962 ἧλικέαν
825 884 1031 966 ἐληλυθέναι,
1054 880 1157 969 ῥιζαις
1180 882 1242 948 αό-

137 987 209 1052 ταῖς
229 975 381 1058 ε’κτεμόν,
412 982 468 1043 κατ’
491 977 591 1066 λήθης
612 985 754 1064 πυθμέσι
776 982 858 1065 μετὰ
889 986 947 1049 τοῦ
973 984 1240 1071 πανηγυρίζοντος

139 1077 259 1143 ἐκείνου
284 1084 476 1163 καταχιόσαυ
499 1082 604 1164 λόγου.
808 1154 812 1163 ,

238 1179 323 1259 Ἐμοὶ
349 1184 385 1245 δέ
405 1188 537 1247 πλεῖστα
559 1185 706 1261 διεξιέναι
728 1181 833 1267 ἔχοντι
863 1186 1091 1271 παραπλήσια,
1113 1193 1188 1273 σιγῇ
1210 1188 1239 1251 δ’
1252 1204 1306 1256 48

94 1288 130 1343 10
139 1272 196 1345 σόν
216 1286 474 1365 παρεληλυθέναι
495 1286 634 1368 κέκριται
652 1288 728 1369 δεῖν,
753 1289 845 1351 αἰδοῖ
859 1291 915 1372 τῆς
936 1284 1035 1351 πόλοι
1050 1293 1104 1354 τοῦ
1125 1286 1242 1374 α’νδρός

140 1381 262 1467 φιλίας.
306 1381 487 1465 α’ποχρῆναι
517 1379 690 1469 γόροέμάι
724 1386 784 1449 κδκ
810 1385 929 1453 τοότοιυ
957 1390 1080 1454 α’νιέναι
1102 1374 1243 1464 συνετοδς

139 1480 288 1564 α’νδρόσι,
310 1482 366 1546 κατ’
384 1484 523 1563 μάλιστα
540 1488 600 1569 σοι’,
622 1486 676 1549 διὰ
699 1492 760 1551 τῶν
776 1486 839 1565 έξοο
861 1482 1014 1553 τοιούτοιν
1027 1488 1243 1571 ι’χνηλατοόντι

139 1585 282 1667 σημειόον
299 1586 352 1677 έπέ
371 1582 427 1658 τός
448 1584 574 1670 πρώτας
587 1588 691 1661 αἰτίας
711 1588 767 1652 κατ’
786 1590 954 1671 διαλήψεις
977 1591 1039 1654 τεόν
1059 1592 1116 1673 τῆς
1136 1593 1244 1673 ψυχῆς

95 1726 118 1778 g
142 1686 200 1747 τοῦ
221 1682 337 1766 ἀνδρός
356 1686 450 1763 ἕξεων
473 1685 528 1750 καί
550 1688 737 1769 διαθέσεων,
761 1689 817 1753 κατ’
838 1688 942 1774 η’ρέμα
964 1690 1108 1756 καὶκατὰ
1129 1688 1245 1775 μικρόν

96 1803 131 1857 15
141 1783 195 1849 σἐέ
215 1790 418 1875 σκοπουμένῳ
444 1811 477 1851 τε
505 1790 561 1852 καί
584 1788 843 1870 α’ναλαμβόνονιι
872 1789 926 1855 τόν
945 1794 1001 1876 τῆς
1023 1795 1178 1876 συνεχοῦς
1197 1794 1245 1857 εἰ·

142 1888 256 1962 κασιάς
276 1882 405 1969 εἱρμόν,
426 1896 492 1962 τοῖς
515 1888 652 1970 πρώτοις
675 1889 879 1973 ἐναρμόττειν
910 1880 1012 1973 ἴχνεσι
1033 1891 1089 1969 τοὶς
1113 1891 1244 1957 κατόπιν

139 1988 199 2065 τὰς
220 1991 253 2052 έκ
277 1992 435 2071 λογισμοόν
455 1987 611 2074 ε’φόδους,
634 1994 693 2055 κα’κ
716 1995 806 2067 ποιάς
835 1988 935 2068 εόθός
955 1996 1075 2058 εἰδέναι
1097 1992 1187 2079 ῥίζης
1210 1988 1246 2056 τό

140 2086 278 2174 πονηρόν
297 2090 397 2153 έκεῖνο
419 2087 591 2169 βλαστάνει
621 2090 793 2174 γεώργιον,
826 2092 886 2155 κόκ
909 2094 1001 2167 σοιἀς
1020 2102 1124 2175 χεῖται
1146 2096 1246 2178 πηγῆς

142 2186 181 2253 τό
203 2191 345 2254 τοσαῦτα
369 2188 449 2253 κατδ
479 2194 542 2254 τοῖν
561 2194 660 2256 θείων
686 2194 742 2275 τῆς
766 2193 931 2273 έκκλησέας
960 2191 1122 2274 δογμάτων
1143 2192 1247 2256 acori*

97 2302 211 2374 λογια,
230 2292 285 2355 κατ’
304 2285 381 2355 ὅθεν
403 2290 448 2356 έτι
472 2292 633 2375 πσλόχουν
654 2284 739 2356 odron
754 2291 809 2357 καί
830 2284 973 2377 ἄφθονον
994 2291 1074 2359 κατὰ
1097 2295 1153 2376 τῆς
1167 2292 1249 2357 Ῥοτ-

144 2391 250 2473 μαέων
273 2386 373 2477 τόχης
406 2392 461 2478 ῥεῖ
485 2392 519 2458 τό
551 2397 575 2434 ¹‘
597 2392 805 2474 κακόδαιμον,
838 2380 914 2457 καθ’
941 2390 1016 2459 ὅσον
1037 2392 1170 2480 ἐφικτόν
1191 2394 1277 2475 siu-f,
1298 2419 1385 2477 1221,

145 2488 308 2575 θροόποις·
330 2492 366 2556 τό
391 2492 451 2577 γόρ
471 2488 577 2579 ἄκρως
602 2498 721 2579 α’ληθές
742 2493 827 2583 μόνιρ
850 2500 915 2583 θεῷ
934 2498 1146 2579 τεταμιέυται.
1170 2488 1249 2560 ιόστε

120 2617 183 2690 ’σε
215 2596 322 2679 χρεών
358 2595 480 2679 δρῶντα
509 2595 676 2672 πλείστους
713 2597 753 2660 ου’
780 2594 905 2680 μεγάλα
934 2600 994 2681 μὲν
1025 2595 1058 2672 ές
1089 2596 1249 2683 προῦπτον

150 2894 220 2942 sturn
237 2886 368 2940 redeunte
387 2904 437 2955 per
455 2885 576 2957 singulos
596 2868 680 2941 annos
698 2886 748 2939 illo
768 2887 811 2940 die
837 2885 976 2939 celebrare
996 2888 1179 2949 constitueret,
1199 2884 1249 2939 su

150 2960 244 3012 stinuit
263 2968 351 3011 tamen
370 2962 398 3010 in
417 2960 533 3019 laturum
551 2968 631 3028 atque
650 2960 742 3024 tacuit,
762 2962 856 3012 marito
876 2959 946 3011 baud
964 2974 1028 3011 sane
1047 2958 1142 3009 bonam
1160 2957 1249 3019 lurtu-

150 3046 211 3083 nam
228 3033 353 3095 ominata,
377 3032 525 3083 coniiciens
544 3031 602 3082 iore
628 3040 658 3083 ut
677 3048 742 3107 necx
756 3032 780 3083 ci
799 3046 850 3083 nec
868 3030 931 3081 liliis
952 3028 1019 3081 felix
1036 3028 1183 3080 occidentis
1203 3029 1249 3079 vi.

151 3110 196 3153 tae
216 3118 309 3153 cursus
329 3104 507 3171 contingeret.
552 3103 602 3153 bac
632 3104 714 3169 igitur
738 3103 772 3154 de
800 3116 880 3154 eausa
905 3100 1047 3153 consilium
1071 3100 1260 3166 imperatricis¹

152 3182 231 3241 atque
245 3174 369 3225 uoluntas
386 3182 450 3225 tunc
463 3174 579 3226 extincta
594 3183 636 3226 est
647 3174 769 3242 illudque
782 3175 888 3237 festum,
906 3181 936 3224 ut
953 3174 990 3225 ita
1009 3172 1104 3236 dicam,
1122 3170 1247 3223 inlestum

151 3244 301 3309 redditum,
326 3246 400 3312 prius
424 3261 501 3313 quam
528 3246 714 3309 adolesceret,
735 3247 801 3312 ipsis
827 3243 956 3309 videlieet
975 3244 1109 3295 radicibus
1133 3244 1251 3296 excisum

153 3324 181 3367 et
198 3316 329 3385 profunda
348 3316 487 3369 oblivione
506 3332 559 3368 una
577 3333 636 3368 cum
655 3320 762 3369 actione
780 3315 828 3369 illa
846 3311 989 3385 gratiarum
1009 3316 1141 3367 obrutum.

250 3415 361 3467 Possum
380 3412 462 3464 multa
487 3413 529 3466 bis
557 3413 656 3466 similia
674 3430 815 3477 enarrarc3
843 3414 889 3466 scd
910 3411 1017 3465 silentio
1038 3428 1070 3464 ea
1086 3410 1150 3462 mibi
1169 3424 1252 3477 prae.

153 3488 281 3540 tereunda
302 3501 362 3537 esse
379 3486 496 3538 iudicavi
526 3493 651 3552 respectu
675 3488 776 3549 veteris
806 3500 864 3536 cum
890 3484 997 3537 bomine
1023 3483 1167 3545 amicitiae,
1203 3479 1253 3549 illa

153 3573 220 3612 vero
239 3556 413 3625 prudentibus
434 3559 500 3609 viris
520 3566 547 3609 et
564 3557 613 3608 tibi
632 3559 745 3607 maxime
776 3557 827 3607 iam
847 3555 974 3609 sullicere
993 3557 1116 3616 arbitror,
1138 3558 1168 3603 ut
1188 3550 1254 3601 talia

155 3630 374 3681 exteruaiuoicia
394 3629 580 3696 persequendo
594 3628 625 3680 ad
640 3629 738 3695 primas
758 3644 851 3680 causas
871 3635 896 3680 et
908 3629 1027 3679 rationes
1046 3624 1151 3687 babitus
1172 3621 1253 3673 animi

154 3708 183 3752 et
203 3701 352 3753 allectionis
369 3702 513 3766 pervenias
533 3708 613 3767 atque
641 3701 797 3769 cognitione
823 3700 921 3752 sensim
940 3698 1120 3765 paulatimque
1138 3708 1252 3762 progre-

154 3773 246 3824 diente
265 3773 385 3824 ordinem
405 3772 527 3823 assiduae
556 3772 761 3840 comparationis
780 3788 864 3839 usque
889 3770 1036 3837 repetendo
1056 3767 1147 3835 primis
1166 3766 1254 3819 vesti-

155 3844 208 3915 giis
228 3843 393 3910 posteriores
415 3844 591 3909 cogitationes
610 3844 690 3910 atque
709 3842 912 3894 observationes
931 3842 1038 3907 adaptas
1051 3838 1149 3908 equod
1167 3838 1191 3890 si
1210 3836 1259 3903 leq

157 3917 244 3979 ceris,
272 3930 306 3965 ex
330 3913 404 3981 quali
428 3916 519 3965 radice
545 3914 630 3965 malus
659 3913 708 3966 ille
731 3915 833 3965 fructus
853 3920 945 3965 enatus
965 3913 1014 3976 sit,
1035 3927 1069 3963 ex
1087 3910 1160 3980 quali
1180 3908 1254 3960 lonto

156 3994 230 4037 tanta
249 3985 277 4036 iu
296 3993 399 4037 sacrata
423 3984 557 4036 ecclcsiae
583 3985 705 4053 dogmata
728 3985 869 4053 naufragia
889 3983 972 4036 ellusa
990 3984 1059 4048 siut,
1086 3981 1156 4033 unde
1182 3984 1255 4043 tanta
1321 4007 1325 4015 f

103 4074 107 4080 ·
155 4058 284 4109 miseriae
310 4058 389 4123 copia
412 4064 492 4122 atque
522 4054 607 4108 moles
633 4059 660 4108 in
679 4057 857 4108 Romanorum
873 4055 1013 4107 lortunam
1039 4056 1189 4105 etiamnunc
1206 4063 1254 4118 re.

156 4128 267 4218 daudet,
286 4132 409 4204 protinus
422 4141 582 4200 cognosces,
601 4136 730 4201 quatenus
749 4127 871 4182 homines
889 4128 917 4181 id
932 4132 1022 4183 mente
1041 4122 1170 4196 consequi
1188 4132 1255 4194 pos.
