3017 4759
210 254 430 323 ursromrn
457 252 716 321 omimium
734 257 887 327 xxxuu.
907 238 1092 323 λτ-νο.
1163 251 1240 323 tto

145 443 205 485 στα
225 415 261 487 τό
293 420 348 501 τῆς
369 418 587 501 Μασαλιανῆς
621 415 776 503 αἱρέσεως
806 417 964 504 μυσαρόν.

145 520 205 604 μὲν
234 522 352 585 τοιαῦτ’
381 518 514 603 εἰρηκώς
535 542 569 583 τε
598 517 665 602 ἅμα
701 520 756 583 καί
784 517 959 604 πεπραχώς
979 520 1091 606 πόρρω
1112 521 1241 597 κανόνος

147 620 202 685 καί
222 623 320 704 νόμου
343 621 467 697 παντός,
492 618 632 700 δέδειχεν
663 618 774 701 ἔνοχον
796 613 910 684 ἑαυτὸν
937 620 1044 706 ἀληθῆ
1066 622 1240 708 τῷέγκλή-

145 746 232 807 ματι.
288 725 379 788 τοῦτο
408 719 469 807 γὰρ
492 721 547 785 καῖ
576 728 642 798 τοῖς
664 722 848 797 ἐπισκόποις
885 722 1045 787 ἀκουσθέν
1077 722 1133 787 καὶ
1154 720 1242 807 edroi

120 826 279 906 όβασιλεῖ
300 823 452 888 δέδοκταί
467 845 501 886 τε
520 822 576 889 καὶ
598 821 832 909 ἀποπέφανται.
865 820 936 887 δέον
957 820 1018 909 γὰρ
1038 820 1137 888 odric
1155 826 1240 906 δαρ-

145 933 215 1011 ρεῖν
248 928 304 990 καί
339 930 396 1009 τῆς.
428 925 517 1007 δι’κης
539 922 617 988 εὐθὺ
637 930 759 1008 χωρεῖν
791 923 848 988 καὶ
871 926 973 1009 ζητεῖν
1001 922 1073 999 τοὺς
1090 923 1243 1009 έλέγχους

147 1026 204 1090 καί
225 1024 268 1102 ώς
283 1029 416 1109 ψευδεῖς
429 1024 485 1101 τάς
510 1027 701 1111 κατηγοριίις
722 1026 871 1110 ἐλέγχειν,
894 1024 982 1112 εἴπερ
998 1026 1086 1113 αὐτῷ
1101 1050 1140 1111 γε
1161 1026 1242 1109 ένῆν,

145 1123 166 1189 ό
189 1128 219 1190 δ’
241 1128 394 1212 ἐμφανῶς
419 1126 638 1211 φυγοδικήσας
653 1127 707 1191 ἐπέ
727 1125 785 1202 τὰς
800 1126 938 1203 ἀτόπους
957 1132 1115 1214 κατέφυγε
1137 1127 1243 1191 λοιδο-

147 1229 230 1311 ριάς,
253 1224 362 1313 ὥσπερ
383 1225 504 1303 εἰώθει,
529 1229 584 1291 κατ’
603 1226 675 1303 τοὺς
694 1226 789 1291 οὐδὲν
805 1225 892 1313 αὐτῷ
910 1230 1136 1303 συντελοῦντας
1161 1225 1374 1313 doc-ttion-

103 1341 139 1395 10
148 1324 284 1411 ρισμοός
303 1324 349 1403 cic
370 1330 426 1411 τῆς
447 1328 621 1413 ἐνεστώσης
643 1327 796 1413 αι’σχόνης
818 1328 1034 1412 προκάλυμμα
1061 1329 1121 1393 κατ’
1140 1328 1244 1411 πρόσ-

148 1450 261 1512 καιρον
285 1425 454 1513 ἀποφυγὴν
474 1430 531 1510 τῆς
556 1427 700 1511 ἀνάγκης.
756 1430 811 1493 tat
843 1426 882 1511 δὴ
904 1428 1034 1503 ,τούτοις
1056 1427 1246 1513 δεδογμένον

149 1530 245 1605 ένιόις
264 1533 326 1595 τῶν
344 1528 526 1595 ἐπισκόπων
549 1530 681 1614 κατέστη
703 1538 774 1606 ταῖς
789 1530 909 1604 ἀδιλιοις
927 1529 1048 1595 ἐκεινου
1069 1530 1245 1613 λοιδορίαις

149 1631 206 1694 καί
229 1636 295 1705 τοῖς
317 1630 511 1717 ἀφορισμοῖς
533 1631 678 1706 δικαίους
699 1629 885 1706 ἀποθεῖναι,
909 1629 965 1694 καέ
986 1629 1176 1715 καθαιρέσει
1193 1652 1245 1692 τε-

149 1732 221 1819 λεέρ
242 1728 465 1816 παραπέμψαι
494 1726 548 1793 τόν
582 1726 719 1813 ἀσεμνον
741 1732 859 1795 ἐκεῖνον
885 1730 942 1794 κατ’
958 1733 1003 1817 τῇ
1025 1730 1171 1818 ἀσελγεόρ
1192 1731 1247 1813 τῆς

107 1840 140 1895 15
149 1832 287 1917 γλώττης
310 1830 362 1898 ἀεὶ
382 1831 694 1916 ἐγκαλλωπιζόμενον
711 1835 833 1915 μᾶλλον
853 1826 875 1916 ἢ
896 1830 1136 1914 αἰσχυνόμενον.
1180 1827 1247 1892 ἀλλ’

148 1931 199 1999 ότι
220 1932 265 2017 μὴ
288 1934 343 1997 καί
360 1936 493 2014 βασιλεῖ
522 1934 709 2017 δεδογμένον
736 1936 818 1998 τοῦτ’
846 1928 886 2017 ἦν
907 1932 1094 2016 ματαιότητι
1115 1932 1170 1996 καί
1191 1953 1247 2014 νη-

151 2034 264 2099 πιώδει
283 2032 391 2122 μωρέρι
413 2031 469 2116 τὴν
487 2030 562 2118 ἴσην
595 2032 762 2098 ἀντέδοσαν,
784 2036 875 2119 δρᾶν,
908 2036 942 2100 ἐν
962 2032 1110 2118 μετεώρῳ
1132 2028 1172 2095 τὰ
1192 2030 1248 2113 τῆς

151 2136 241 2219 δι’κης
263 2133 470 2218 ἀποκέκριται
498 2133 597 2217 μέχρι
625 2137 682 2217 τῆς
701 2136 770 2219 jectu
801 2134 1045 2224 προκληδέεταν
1065 2129 1248 2196 ἐπισκόπων
1274 2219 1277 2224 γ

152 2234 314 2319 ἐνδημιάς.
337 2230 356 2297 ό
368 2256 403 2318 γε
424 2231 488 2316 μὴν
511 2234 713 2317 πατριάρχης
731 2232 863 2309 τάςτών
877 2234 1032 2298 πλείστων
1056 2228 1314 2315 δυσφήμουςίθ

105 2334 383 2417 λθαίσχυνόμενος
408 2333 526 2412 ἀκοάς,
558 2332 639 2399 οἴκοι
659 2333 694 2399 τό
717 2329 872 2419 πὀιράπαν
895 2332 1045 2419 ἀπρόιτος
1067 2331 1171 2415 ἔμεινε
1191 2330 1248 2393 τοῦ
1327 2409 1332 2420 Ι

150 2437 283 2512 λοιποῦ,
320 2434 467 2511 ἀπειλαῖς
502 2433 728 2519 παραπέμπων
758 2432 798 2499 roi
828 2436 982 2518 prditum
1009 2432 1162 2503 πλείοσιν.
1205 2432 1248 2495 dai

149 2533 212 2620 γὰρ
235 2535 335 2617 λέγειν
356 2532 419 2599 ὅσα
432 2536 474 2620 τῇ
496 2534 634 2620 δυσηνέῳ
657 2528 774 2599 ἑαυτοῦ
791 2534 912 2621 γλώττῃ
934 2532 1174 2619 παραδεδωκώς
1191 2530 1248 2617 rip

150 2634 297 2699 διάνοιαν
331 2634 520 2720 ἔξηρεόξατό
546 2658 580 2698 τε
608 2634 664 2701 καὶ
702 2634 925 2723 λελοιδόρηκεν
954 2632 1090 2718 ἄσεμνα.
1141 2632 1249 2721 γέγονε

152 2942 237 2994 xisret
264 2945 291 2989 et
318 2937 454 2989 effecisset
473 2944 565 2989 contro
595 2952 725 2991 cononum
751 2946 779 2988 et
804 2937 895 3006 legum
923 2939 1039 2991 omnium
1056 2939 1251 3005 auctoritatem,

152 3013 211 3078 ipse
237 3022 334 3060 rerem
358 3023 390 3058 se
414 3008 532 3059 criminis
558 3010 666 3061 noxium
692 3010 860 3061 monstravit.
911 3008 992 3078 idque
1019 3010 1153 3076 episcopis
1172 3010 1251 3064 etium

154 3094 233 3149 quum
251 3079 391 3130 audissent
413 3085 439 3128 et
456 3080 507 3145 ipsi
527 3080 586 3147 regi
607 3082 643 3132 ito
664 3080 807 3132 manifesto
826 3080 913 3132 visum
930 3087 990 3145 est,
1008 3080 1172 3134 necessitate
1192 3095 1251 3131 curn

154 3157 274 3205 coactum
294 3149 414 3202 fiduciam
435 3149 485 3200 sibi
504 3164 610 3201 sumere
632 3159 658 3202 ct
676 3152 801 3203 iudicium
818 3150 892 3219 velle
910 3151 1030 3218 elingere
1050 3158 1077 3202 et
1096 3151 1251 3218 excogitare

153 3220 306 3291 opprobrio,
327 3229 354 3272 ct
366 3221 498 3288 quomodo
509 3218 578 3273 leisc
588 3222 639 3274 sibi
658 3224 769 3273 crimina
781 3222 852 3275 lacto
871 3237 931 3273 esse
941 3236 1091 3289 coarguere
1101 3229 1201 3288 posset,
1223 3228 1251 3272 et

152 3298 192 3348 sic
209 3293 352 3345 manifesto
368 3307 426 3343 eum
438 3299 467 3342 ut
477 3292 602 3343 iudicium
615 3294 777 3346 detrectaret
788 3296 820 3346 nd
830 3294 956 3345 absurdos
974 3294 1085 3356 iniurias
1103 3292 1251 3360 confugere

154 3374 180 3418 et
193 3364 226 3417 sd
240 3380 314 3417 cassu
332 3371 359 3415 et
371 3378 439 3415 vane
455 3363 596 3415 schismate
614 3380 682 3431 quoe
692 3378 782 3416 novae
794 3366 876 3431 ipsius
890 3363 1054 3431 ignominiae
1064 3372 1190 3433 tunquam
1198 3379 1252 3416 ve-

151 3436 243 3489 lsmini
258 3442 358 3498 essent,
376 3442 404 3485 et
418 3435 513 3503 quibus
524 3443 697 3501 opportunam
710 3436 823 3487 haberet
835 3436 923 3503 iugum
934 3437 1112 3488 necessitatis.
1132 3449 1252 3503 quopro-

152 3516 211 3575 pter
220 3504 358 3557 nonnullis
371 3506 504 3573 episcopis
522 3506 608 3557 visum
621 3514 670 3569 est,
685 3506 791 3559 iniustis
808 3509 866 3558 cius
879 3506 1030 3575 opprobriis
1041 3515 1068 3557 et
1079 3506 1250 3557 chismntilrus

151 3581 220 3630 iusta
231 3591 368 3643 opponere
382 3590 494 3645 cumque
505 3578 605 3645 quippe
615 3584 666 3627 tam
680 3577 827 3643 improbum
841 3583 867 3629 et
880 3579 1030 3629 temeritate
1041 3576 1151 3643 lingone
1162 3577 1251 3627 conti.

151 3662 298 3714 nuosupro
310 3662 413 3697 omnem
426 3649 553 3715 pudorem
565 3648 774 3715 superbientem,
784 3665 816 3699 ex
828 3650 892 3701 sede
902 3663 949 3700 suc
967 3654 1022 3697 tota
1035 3645 1183 3713 depellere.
1203 3649 1251 3700 sed

108 3739 113 3756 ·
152 3734 230 3789 quum
251 3733 304 3769 non
324 3716 381 3784 regi
402 3719 486 3769 visum
507 3726 596 3782 esset,
617 3719 694 3771 runis
714 3719 836 3771 consiliis
865 3727 891 3770 et
910 3715 1010 3784 puerili
1030 3717 1181 3770 dementiae
1200 3734 1251 3786 pn.

150 3806 206 3843 rem
229 3788 373 3839 antidotum
391 3802 538 3854 opponere,
558 3790 684 3841 iudicium
702 3805 860 3856 suspensum
877 3786 1037 3843 dilatabatur
1055 3790 1141 3843 donec
1161 3792 1251 3842 vocati
1327 3849 1333 3857 p

151 3860 271 3926 episcopi
296 3860 495 3910 convenissent.
541 3860 692 3925 patriarcha
721 3861 804 3929 igitur
829 3877 908 3929 quum
937 3867 989 3910 tom
1019 3860 1161 3913 multorum
1191 3876 1250 3912 eum

149 3928 350 3983 maledictorum
364 3930 486 3995 puderet,
507 3930 578 3981 dorni
597 3946 626 3982 se
642 3932 774 3983 continuit
793 3946 842 3998 per
859 3932 993 4001 reliquum
1004 3938 1120 4001 tempus,
1142 3932 1249 3985 omnino

149 3998 292 4069 negligens
320 4000 480 4051 minutiones
505 4015 602 4069 easque
622 4002 778 4068 repelleos;
806 4004 881 4055 mitto
901 4003 970 4055 enim
992 4004 1098 4068 dicere,
1118 4004 1250 4072 quomodo

150 4075 173 4125 is
192 4077 305 4121 mentem
325 4086 396 4124 sunm
416 4070 560 4123 indomitae
575 4068 684 4140 linguae
702 4075 872 4127 concesserit
888 4082 915 4127 ct
934 4074 985 4126 λου
1001 4076 1080 4127 modo
1098 4074 1250 4142 turpissimo

151 4142 312 4196 eructaverit
339 4148 365 4216 pt
389 4138 530 4196 maledictu
557 4142 716 4211 profuderit.
754 4152 919 4201 ormontem
939 4153 980 4199 cst
999 4144 1246 4216 consiliiponuris,
