3017 4759
226 275 449 345 fflsromaa
476 275 734 347 ammaus
756 277 898 347 ττνιιι.
912 262 1045 347 ’λ-ὅ.
1139 272 1209 347 1⁷9

111 436 234 517 συχνός
257 438 408 503 οἷκονόντί
424 462 460 502 τε
492 445 545 504 καί
580 441 780 528 δφσρωμένιρ
809 442 890 508 κατὰ
920 442 974 523 τῆς
996 440 1113 514 οίκείας
1132 440 1213 522 ζωῆς

110 533 165 609 τός
193 537 365 619 ε’πτβουλός
401 543 697 621 συσκιυαζομένας,
732 544 793 605 suiv
823 538 1078 625 ἀναγκαιοτάτων
1108 537 1213 617 έδοξεν
1237 568 1247 601 κ
1321 550 1337 603 ,ἶ

111 629 192 699 εἶναι
216 638 293 719 πρός
316 637 371 701 τόν
395 642 459 704 τεόν
488 644 655 721 Τριβαλτδν
675 636 813 723 ἡγεμόνα
830 641 964 724 Κρόλην
986 644 1061 721 περί
1081 664 1218 720 υυμμα-’

108 740 184 816 χίας
205 740 506 821 διαπρεσβεύεσθαι.
549 742 583 813 ές
603 739 666 822 γὰρ
687 743 811 806 τοσοῦτ’
843 741 1010 817 ἀσθενείας
1031 740 1149 825 ῥυῆναι
1172 736 1212 803 τό

86 832 278 917 5Ῥοιμαιίον
301 838 511 923 συνερρυὴκει
536 838 711 923 πράγματα
732 838 786 903 διό
808 842 865 915 τός
888 843 1065 926 ἐμφυλίους
1089 836 1210 920 μόχας,

110 938 153 1012 ὥς
176 940 251 1023 μηδ’
281 936 366 1020 ἔχειν
394 938 468 1015 τούς
499 931 614 1023 όρχειν
648 944 819 1018 ἐθέλοντας
851 941 933 1025 μήτε
961 944 1073 1026 σφίσιν
1103 932 1211 1014 αότσῖς
1255 1000 1258 1007 .

109 1036 190 1119 μηθ’
211 1038 245 1102 ot
264 1041 375 1125 σφίσιν
396 1039 584 1105 ὑπείκουσιν
613 1044 647 1106 έν
667 1045 711 1127 τῷ
744 1044 890 1129 α’σφολεί
910 1045 1130 1107 καθίστασθαι
1151 1039 1211 1119 πρό

111 1140 167 1221 ζῆν
180 1140 293 1219 (idaeis
308 1142 493 1223 ἐξωτερικῆς
507 1146 661 1225 βοηθείας
682 1142 928 1231 ἀπῳκισμένους
951 1138 1028 1205 όθεν
1049 1144 1105 1206 καί
1120 1145 1212 1205 Kar-

108 1238 299 1321 τακσυζηνός
329 1244 362 1317 ἐξ
394 1240 569 1306 α’ντιπόλου
598 1244 654 1325 τῆς
681 1238 785 1327 όρμῆς
817 1242 1045 1308 πολλαπλασίω
1074 1244 1133 1321 μὲν
1154 1243 1209 1323 τῆς

66 1353 101 1407 10
110 1342 184 1420 πρίν
201 1343 234 1416 ἐξ
251 1334 404 1422 Ὑρκανοῦ
425 1333 625 1424 βαρβαρικὴν
651 1346 893 1423 μεταπέμπεται
922 1342 1069 1422 δύναμιν,
1091 1346 1210 1405 πολλα-

108 1443 232 1503 πλασίου
253 1442 283 1501 δ’
305 1432 347 1502 αὖ
368 1443 425 1506 καί
443 1443 541 1521 αότῆς
562 1444 597 1505 ἐκ
612 1442 669 1505 τοῦ
690 1429 842 1525 σόνεγηυς
865 1430 920 1505 καί
944 1429 1075 1505 κατόπιν
1097 1437 1209 1522 ἑτέραν

108 1537 414 1620 παρασκευάζεσθαι
439 1544 661 1625 παραγγέλλει,
683 1542 774 1604 δυοῖν
793 1540 946 1620 θάτερον,
970 1538 990 1622 η’“
1011 1543 1048 1627 τῇ
1070 1538 1105 1605 ia
1131 1544 1210 1621 Τρι-

106 1640 396 1724 βαλιόνσυμμαχίη
419 1637 496 1703 κατό
518 1639 577 1722 την
591 1638 667 1703 όδδν
688 1639 838 1725 ἐξαίφνης
852 1642 1147 1724 ε’πιτεθησομένσυς,
1167 1636 1207 1705 τοὶ

107 1740 220 1822 ἔνυδροι
242 1736 531 1823 προκατειληφότας
557 1740 613 1804 καί
632 1739 690 1816 τός
713 1742 876 1823 παρόδους
898 1745 972 1821 πρίν
995 1744 1132 1817 ἐκείνους
1155 1742 1208 1807 σί-

63 1845 266 1922 15σθέσθαι,
293 1832 364 1921 ἢεί
382 1836 428 1921 μη
451 1845 543 1903 τοῦτο
566 1843 752 1925 δυνηθεῖεν,
775 1842 845 1905 ἀλλ’
878 1836 946 1919 όμα
971 1842 1059 1929 nisui
1082 1845 1207 1926 φθῆναι

107 1942 405 2025 προκαταλαβόντος
434 1935 612 2017 Βυζόντιον
639 1945 688 2007 ἐπ’
719 1943 842 2028 όλέθρηι
872 1946 926 2006 καί
955 1941 1206 2029 α’νδρατιοδισμηῖ

107 2050 258 2108 παντελεῖ
274 2066 307 2107 τε
327 2043 385 2108 καί
406 2042 509 2125 πόσης
531 2040 655 2124 α’μόνης
675 2046 831 2122 α’μείνονι.
875 2040 1011 2125 κάπειδὴ
1035 2042 1207 2125 χρημάτων
1302 2046 1305 2051 ’

107 2145 141 2207 έν
162 2141 285 2218 τοότοις
307 2139 383 2222 ἔδει,
402 2142 518 2225 μηνόει
537 2139 577 2205 τό
599 2139 672 2225 ίερό
696 2148 759 2208 τόν
779 2141 813 2207 ἓν
832 2140 996 2228 Βυζαντίῳ
1019 2164 1206 2226 φροντιστη-
1308 2168 1312 2173 ’

108 2248 185 2322 ρίαν
205 2240 351 2307 ἁπάντων
372 2246 533 2324 κειμήλια,
554 2236 616 2307 όσα
637 2267 672 2305 τε
691 2246 804 2332 χρυσῷ
833 2246 888 2306 καί
909 2242 1039 2330 οἷργόρηι
1068 2240 1123 2305 καί
1145 2234 1207 2303 don

60 2346 210 2417 θθλκθοις
229 2348 416 2408 πολυτελέσι
438 2343 643 2428 κεκόσμηται,
674 2345 771 2410 πάνθ’
797 2342 1105 2427 όξῆςιόθροισθέντα
1128 2347 1209 2406 συλ-

107 2441 227 2527 λήβδην
247 2443 425 2527 χρημάτων
446 2443 657 2521 ἀλλάξασθαι.
699 2444 854 2528 εὐπορίας
870 2436 925 2507 σόν
949 2445 1096 2507 έντεῦθεν
1117 2441 1242 2528 nisui}

106 2547 273 2628 γενομένης
293 2549 348 2608 καί
360 2548 513 2628 διανομῆς
537 2541 570 2618 ές
591 2542 785 2629 βαρβέρους,
799 2542 990 2609 ἐπιστέλλων
1004 2535 1100 2617 αὖθις
1114 2544 1208 2625 ηἰιεί-

105 2648 155 2705 λει
175 2646 359 2728 περιμανῶς
381 2643 420 2708 τοὶ
447 2643 636 2726 παγχόλεπι
661 2646 853 2723 Βυζαντίοις
873 2646 912 2708 τό
934 2645 964 2707 δ’
979 2636 1034 2725 αὖ,
1056 2640 1099 2727 μη
1122 2642 1208 2727 σφό-
1286 2688 1288 2696 2

106 2745 168 2829 δρα
194 2742 419 2833 Παλαιολόγον
446 2745 650 2827 εἰσδέχεσθαι
678 2746 867 2827 βούλεσθαι.
904 2740 947 2829 “η’
976 2742 1035 2828 γὰρ
1075 2745 1133 2807 ονίι
1166 2734 1206 2809 όν
1277 2822 1281 2835 Ι

107 3027 226 3082 audisset
250 3036 278 3081 et
304 3029 485 3096 suspicaretur
512 3028 596 3097 ipsius
618 3029 691 3084 ritae
716 3028 828 3083 insidias
852 3028 937 3094 strui,
958 3026 1074 3081 omniurn
1090 3024 1205 3078 maxims

105 3117 158 3153 nec
177 3116 237 3152 esse
256 3099 349 3151 habuit
368 3102 475 3153 mittere
497 3103 542 3170 qui
562 3118 620 3153 cum
640 3102 720 3157 Grale
739 3100 915 3154 Triballorum
936 3099 1004 3153 duce
1023 3100 1056 3153 de
1074 3098 1206 3151 societate

106 3171 174 3223 belli
188 3178 310 3239 agerent.
348 3174 448 3224 etenim
464 3174 600 3226 intestinis
623 3172 814 3225 certaminibus
836 3188 879 3225 res
899 3172 1034 3225 llumauae
1064 3176 1205 3235 tantopere

108 3242 208 3295 fractae
228 3250 254 3293 et
283 3242 438 3295 debilitatae
458 3252 549 3308 erant,
577 3253 607 3295 nt
636 3261 671 3295 ne
691 3244 822 3295 haberent
839 3244 965 3311 quidem,
985 3243 1030 3311 qui
1049 3241 1205 3307 imperitare

106 3314 173 3380 ipsis
190 3314 296 3378 antiis,
316 3316 362 3382 qui
380 3317 498 3382 ipsoram
519 3317 659 3383 imperium
678 3315 867 3383 sequebantur,
893 3324 920 3367 et
938 3314 971 3369 ab
990 3314 1107 3367 externis
1125 3312 1205 3367 auxi-

106 3384 152 3436 liis
170 3386 265 3436 remoti
289 3393 414 3453 tanquam
441 3388 468 3437 in
490 3388 636 3438 securitate
659 3388 763 3439 vivere.
807 3385 976 3454 quamobrem
1003 3385 1205 3439 Cautacuaeuus

107 3457 139 3507 ad
156 3458 252 3507 virium
271 3457 459 3523 aequalitatem
472 3444 556 3511 multo
568 3459 694 3526 maiorem
715 3473 792 3527 quam
809 3465 888 3509 autea
900 3458 1048 3523 Hyrcanum
1068 3455 1205 3522 copiarum

105 3526 300 3577 multitudinem
316 3529 421 3581 mittere
434 3538 462 3581 et
476 3530 586 3582 alteram
605 3530 687 3581 multo
704 3531 831 3581 maiorem
850 3529 1028 3595 apropinquo
1048 3527 1108 3579 luco
1129 3540 1205 3577 com.

107 3598 195 3664 parari
213 3597 296 3649 iubet.
335 3616 368 3651 ex
387 3601 489 3652 duobus
507 3602 590 3669 igitar
607 3600 720 3653 alterurn
742 3601 800 3653 lieri
821 3601 955 3667 oportuit,
975 3607 1004 3649 ut
1021 3613 1080 3649 cum
1099 3594 1205 3649 Tribal-

107 3668 143 3720 lis
163 3668 297 3719 eeniuncti
317 3686 351 3722 ex
368 3672 467 3723 itinere
482 3680 595 3739 repente
614 3674 740 3739 impetum
763 3672 883 3723 lacerent
896 3670 1003 3723 sedibus
1021 3676 1099 3721 autea
1120 3666 1204 3733 captis

109 3746 136 3791 et
146 3736 294 3805 praeclusis
309 3742 362 3793 riis
374 3758 451 3809 quam
469 3742 510 3795 illi
520 3744 777 3806 animadverterent,
798 3752 843 3795 aut
860 3743 883 3794 si
902 3742 953 3793 lroc
974 3742 1059 3791 miuus
1081 3737 1205 3791 valerent

107 3809 266 3876 Byzantium
278 3822 489 3879 praeocupareut
501 3822 528 3865 et
543 3815 575 3866 ad
589 3816 736 3881 perniciem
749 3822 776 3865 ct
795 3815 950 3865 servitutem
961 3813 1032 3863 omni
1045 3811 1204 3863 defensione

106 3880 246 3931 meliorem
262 3880 407 3934 traherent.
444 3900 475 3935 ac
494 3879 573 3953 quum
592 3886 715 3952 pecuniis
735 3885 870 3953 iudigeeet
890 3884 949 3947 ille,
969 3884 1135 3951 omniaquae
1147 3880 1203 3947 By.

107 3953 189 4004 santii
202 3966 277 4003 sacra
287 3962 442 4005 ornamenta
454 3964 539 4019 eraut,
559 3972 623 4008 auro
636 3966 663 4009 et
671 3964 783 4025 argento
803 3964 830 4007 et
848 3955 981 4021 lapidibus
1000 3954 1132 4021 speciosis
1145 3952 1203 4009 ,sd-

47 4016 55 4032 ‘
106 4032 209 4087 ornata,
228 4023 261 4074 ad
280 4024 420 4090 pecuniam
439 4029 639 4091 comparandam
658 4030 685 4078 in
705 4037 784 4079 unum
804 4025 926 4094 collegit.
963 4028 1033 4079 unde
1052 4040 1131 4094 quum
1144 4022 1204 4088 regi

10 4151 14 4164 Ι
105 4109 235 4162 prospera
257 4103 329 4147 esset
348 4095 453 4147 fortuna
475 4098 560 4161 iacta,
579 4098 726 4150 distributis
749 4100 777 4151 iu
795 4096 921 4149 barbarea
946 4098 1083 4164 pecuniis,
1106 4097 1203 4149 iterum

105 4167 193 4239 palear
208 4182 327 4222 summae
344 4167 484 4237 Byzantiis
503 4176 622 4228 terreres
647 4177 674 4221 et
690 4169 812 4237 pericula
830 4170 986 4241 preposuit,
1004 4183 1040 4221 ue
1061 4167 1131 4223 torta
1148 4162 1205 4220 Pa.
