3017 4759
201 239 424 305 nrsronran
451 241 849 309 nmsmrunnxxxn.
874 227 1056 314 tt-tt.
1126 245 1198 318 3¹85

104 400 238 480 ματιιιής
251 400 457 483 ἐμπεπληκώς
470 396 683 486 εάφροσάνης,
702 403 931 489 μεταφραστής
945 410 1077 487 Συμέων
1099 406 1203 474 derisu

104 501 231 579 λεγέτω,
255 499 483 584 παρεληλυθώς
502 503 577 586 ἡμῖν
603 507 760 569 ἐνταυθοῖ.
803 503 883 585 μετά
906 505 967 590 γάρ
991 506 1025 572 τὸ
1049 508 1270 593 solenni-10

104 594 162 672 λάς
190 596 310 676 ἐκείνας
340 603 486 678 κολάσεις
512 603 567 668 κατ’
596 609 750 688 τιμωρίας
780 608 971 688 διεξελθεῖν,
1010 608 1120 684 ὁποίας
1151 613 1205 676 καὶ

105 690 183 770 ὅσας
202 699 390 785 ἐκαρτέρησε
413 699 545 786 πάσχων
567 703 586 766 ά
599 713 739 784 γενναῖος
767 705 838 769 τότε
855 707 1032 823 Θεόδωρος,μ
1053 709 1204 788 ιιοῖιιείνοον

77 797 316 883 δὲπιτροχάδην
336 806 492 888 μέμνηται
523 802 579 877 σάς
610 805 761 888 α’ντεπῆγε
795 807 904 888 λόγους
932 805 1117 892 πανσόφους
1139 817 1203 886 τοῖς

103 921 167 958 των
184 898 398 983 τίιιονομάχων
431 899 502 969 τότε
531 915 643 1025 σοφοῖς
671 909 727 970 κατ’
754 909 919 990 τυράννοις
948 911 1052 991 τρισὶν
1091 913 1203 1032 ἐφεξης

1 1023 2 1030 “
102 994 166 1081 τήν.
184 1001 336 1085 διαδοχήν
355 1009 423 1069 κατ’
446 1009 545 1071 αάτοῦ
566 1011 828 1093 κληρουμένοις’
813 1033 846 1074 εν
868 1006 951 1074 ἔτεσι
971 1013 1063 1074 πέντε
1078 1035 1131 1076 ιιαι
1155 1009 1203 1076 εί-

102 1123 182 1179 ιιοσι,
203 1107 356 1186 λαμπρῶς
375 1111 668 1230 παρρησιαζόμενος
692 1136 745 1174 και
769 1109 826 1192 τήν
846 1135 909 1176 των
926 1115 1022 1176 θείων
1044 1113 1202 1177 διδάσκων

103 1200 233 1266 εἰκόνων
256 1202 361 1288 τιμήν,
383 1233 434 1272 ιιαι
458 1213 628 1297 διασαφων
649 1211 690 1275 τά
708 1215 767 1276 τοῦ
790 1213 957 1294 δόγματος,
981 1239 1033 1276 ιιαι
1055 1211 1095 1278 τά
1118 1212 1201 1278 ἑκεί-

58 1316 164 1369 1ονων
186 1304 394 1389 προβλήματα
419 1311 622 1400 καθαιρῶν’
608 1338 642 1377 εν
665 1309 800 1393 δυνάμει
822 1312 914 1410 λόγου
938 1339 989 1378 ναι
1013 1314 1200 1395 πνεύματος,

101 1401 145 1478 ὥς
165 1408 423 1489 θανμάζεινμὲν
445 1409 668 1493 τὸνβασιλέα,
702 1438 811 1497 φησιν,
836 1404 994 1478 θωπεάειν
1022 1417 1091 1478 δΗ
1076 1439 1201 1496 ειιιχει-

100 1513 180 1586 ρεῖν,
202 1495 304 1588 daona
325 1511 477 1574 τοσοῦτον
498 1515 552 1574 ε’πι
571 1516 671 1600 σοφίη
690 1508 952 1595 ὑποποιήσασθαι
970 1513 1200 1595 προθυμούμε-

100 1629 162 1688 νος,
188 1607 229 1668 δι’
249 1599 289 1670 ου
308 1608 478 1673 πολλῶν’
464 1635 497 1674 εν
526 1616 647 1693 βραχεῖ
674 1615 882 1694 περιεαεσθαι
904 1607 1054 1696 ἤλπισεν·
1105 1612 1199 1697 ἔρωτι

98 1705 162 1789 γάρ
184 1708 306 1772 άλωναι
327 1715 463 1791 βασιλέα
485 1737 584 1796 φησιν
616 1707 785 1798 ομάφρονα
816 1716 937 1777 τοῦτον
951 1712 1054 1796 ἔχειν,
1077 1707 1097 1797 ἢ
1119 1711 1200 1778 πάν-

54 1815 161 1882 15τως
181 1800 293 1891 άρχειν
322 1812 417 1876 ου’δὲν
437 1814 523 1900 edepl
554 1807 805 1936 διαφερομένων.
856 1814 1023 1900 μάρτυρας
1054 1817 1083 1880 δ’
1117 1810 1261 1892 siccin

97 1931 177 2029 (ppos
198 1915 254 1992 τῆς
275 1913 376 1975 ου’του
403 1918 520 1998 σοφιας
547 1918 608 1978 κατ’
635 1919 690 1997 τῆς
711 1913 791 1996 πρὸς
824 1913 998 1999 τυράννους
1021 1917 1197 1993 ἐνστάσεως

96 2001 135 2079 άς
157 2005 216 2070 val
218 2033 237 2089 ρ
257 2008 456 2091 οάσεβειας’
440 2022 558 2089 εκεῖνος
579 2017 705 2092 ἐξέθετο
722 2019 863 2097 βίβλους,
886 2019 1169 2096 διασωζομένας’
1146 2023 1199 2082 nst'

96 2111 230 2233 προναία
251 2117 341 2194 θεοῦ,
363 2115 538 2198 πολύτιμον
558 2096 606 2190 οἷς
626 2112 797 2198 εάοεβιιν’
782 2141 846 2181 εστι
870 2120 1000 2200 θέληοις
1020 2115 1196 2200 θησαυρόν.

96 2211 133 2278 σά
154 2217 250 2293 μόνον
274 2217 309 2279 δὲ
331 2214 411 2279 άλλά
435 2241 486 2280 ιιαι
482 2214 586 2281 τάδε
613 2219 752 2295 διέξεισι.
803 2221 859 2282 τοῦ
881 2213 1030 2296 σώματος
1054 2209 1114 2300 ήδη
1138 2242 1197 2279 κα-

49 2318 312 2402 nominandum,
334 2322 423 2404 ppei,
443 2327 514 2394 ταῖς
532 2316 678 2397 μάστιξιν
690 2319 806 2397 αἵματί
820 2339 854 2380 το
874 2309 1038 2403 τουδαφος
1055 2317 1197 2399 inexped-
1247 2355 1255 2370 ·

97 2439 220 2495 σαντος,
243 2417 286 2492 cic
308 2417 464 2499 ου’διμιύν
495 2418 646 2503 αἴσθησιν
679 2417 779 2493 ου’τὸς
801 2418 975 2500 ὑπομείνας
1005 2421 1067 2482 ταῖν
1091 2419 1197 2500 άλγει-

97 2519 168 2600 νων,
190 2507 327 2602 εἱστήκει
346 2521 466 2602 γυμνὸς
501 2525 536 2586 ἐν
556 2525 644 2609 μὲορι
671 2523 727 2584 τοῦ
746 2517 906 2604 βήματος,
930 2516 1037 2601 αῗσπερ
1059 2521 1123 2582 τινί
1142 2517 1196 2583 ιιά-

94 2641 166 2706 opp
188 2627 258 2694 ταῖς
279 2626 412 2705 πληγαῖς
434 2620 759 2705 ε’γιιαλλωπιζάμτνος,
794 2619 849 2684 καὶ
879 2623 1015 2704 θέατρον
1038 2613 1120 2685 οὕτω
1143 2619 1198 2685 καί

94 2935 201 2986 ornavit
220 2942 246 2984 et
264 2932 361 3000 plenus
382 2941 438 2984 erat
462 2934 559 2984 amoris
588 2933 682 2986 divini.
725 2947 794 3001 qnae
817 2947 889 2986 nune
915 2935 1009 3000 paneis
1035 2935 1194 2986 intransitu

93 3005 171 3058 nobis
190 3005 305 3058 alliceret
323 3003 439 3069 Symeon
465 3003 673 3071 metaphrastes:
699 3006 767 3072 “nui
795 3006 1008 3056 commemoratis
1029 3005 1119 3056 multis
1138 3005 1194 3057 illis

92 3076 181 3143 plagis
199 3091 230 3126 ac
244 3075 419 3127 -crnciatibus
440 3083 505 3143 quot
526 3083 553 3126 et
572 3075 665 3143 quales
692 3091 750 3126 curn
771 3077 851 3127 animi
880 3077 1029 3127 constantin
1048 3089 1194 3142 perpessus

93 3148 129 3198 sit
145 3147 327 3212 magnanimus
347 3146 510 3209 Theodorus,
530 3146 617 3199 obiter
640 3149 802 3198 mentionem
823 3161 930 3214 quoqne
960 3147 1025 3198 fecit
1043 3161 1193 3199 sermonum

93 3232 161 3285 quos
186 3218 231 3269 lrie
255 3219 282 3269 in
308 3218 490 3270 nobilissimos
519 3225 573 3268 tum
592 3219 721 3284 temporis
744 3219 933 3270 iconomachos
955 3227 982 3269 et
1011 3219 1038 3268 in
1066 3227 1192 3283 tyrannos

92 3298 148 3340 tres
166 3290 211 3356 qui
232 3290 261 3340 in
282 3290 458 3356 principatum
475 3289 603 3355 deinceps
624 3297 812 3340 successerant
837 3290 906 3341 intra
924 3304 1007 3341 annos
1027 3291 1144 3357 quinque
1167 3297 1193 3340 et

92 3360 189 3427 viginti
219 3359 310 3412 habuit
335 3361 487 3423 liberrime,
519 3361 620 3411 sanetis
640 3360 789 3411 simulacris
817 3362 1006 3412 verecundiam
1025 3360 1191 3412 tribuendam

93 3447 154 3482 esse
175 3432 274 3483 doeens
294 3441 321 3483 et
339 3431 477 3486 illustrans
495 3448 538 3483 res
559 3432 722 3498 dogmaticas
745 3439 772 3481 et
790 3431 985 3484 haereticorum
1013 3447 1107 3498 pravas
1129 3433 1191 3496 opi.

91 3503 186 3554 niunes
206 3500 335 3555 refellens
360 3505 388 3555 vi
407 3503 580 3570 eloquentiae
610 3511 637 3553 et
662 3503 742 3554 animi
767 3504 956 3570 magnitudine.
1000 3503 1071 3554 unde
1093 3503 1191 3553 lactum

92 3588 153 3624 esse
169 3575 234 3624 dicit
264 3581 293 3624 nt
320 3591 368 3626 rex
390 3591 449 3625 eum
477 3576 617 3627 admiratus
648 3581 720 3625 esset
747 3581 774 3624 et
799 3589 848 3640 per
877 3574 1018 3626 blanditias
1049 3571 1145 3624 fallere
1165 3581 1192 3624 et

91 3645 237 3696 conciliare
261 3644 311 3696 sibi
327 3647 472 3698 studuisset
498 3648 584 3698 virum
603 3653 675 3696 tanta
694 3645 825 3710 sapientia
846 3646 996 3714 insignem3
1024 3659 1119 3709 nempe
1138 3657 1190 3710 qno

90 3724 227 3781 sperasset
243 3715 319 3767 brevi
337 3733 368 3768 se
395 3717 484 3769 multis
505 3718 619 3770 laturum
638 3717 824 3782 superiorem,
843 3716 983 3768 Desiderio
1013 3715 1078 3766 dicit
1096 3716 1190 3764 maiori

90 3794 195 3852 eapturn
215 3787 299 3839 luisse
319 3803 411 3855 regem
431 3788 500 3838 hunc
529 3805 594 3840 suae
612 3789 708 3839 mentis
733 3788 845 3838 amicum
865 3786 981 3836 faciendi
1008 3801 1084 3853 quam
1103 3787 1190 3851 impe-

88 3859 165 3910 randi
185 3857 281 3925 quibus
299 3874 373 3909 mens
400 3873 456 3910 nou
472 3858 561 3910 aliena
588 3866 654 3909 erat
703 3859 750 3909 sed
769 3859 918 3924 sapientiae
947 3858 1004 3908 eius
1025 3867 1052 3909 et
1074 3865 1194 3908 conten·

88 3929 171 3981 tionis
191 3931 219 3980 in
236 3937 364 3995 tyrannos
388 3930 546 3982 documenta
565 3945 625 3982 esse
652 3930 717 3980 dicit
742 3928 824 3980 libros
852 3942 918 3994 qnos
940 3927 972 3978 de
985 3929 1091 4011 pietate
1111 3927 1191 3980 evnl-

89 4001 180 4068 gatit3
199 4001 245 4068 qni
267 4015 373 4066 semper
395 4015 429 4051 ex
450 3999 493 4050 dei
513 3999 651 4052 voluntate
671 4000 817 4066 pretiosum
836 4000 869 4048 iia
900 3999 946 4066 qui
965 4000 1090 4065 pietatem
1103 4004 1192 4052 annunt

88 4072 242 4124 thesainnm
262 4070 436 4138 praebebunt
480 4069 552 4120 his'
544 4086 653 4136 insuper
680 4071 747 4122 haec
768 4069 817 4120 ille
838 4071 973 4136 proponit.
1012 4085 1126 4137 corpus,
1147 4071 1191 4120 in-

89 4145 157 4214 quit,
176 4160 255 4212 quum
275 4144 326 4197 iam
345 4141 516 4193 dilaceratum
547 4149 618 4192 esset
643 4140 798 4218 reciperibus
831 4149 858 4192 ct
876 4140 963 4194 solum
988 4142 1119 4209 sanguine
1140 4140 1189 4192 de

181 4245 343 4314 Νιιιρλοιιω
355 4243 463 4309 Grepor.
491 4241 545 4293 Vol.
561 4241 612 4292 itt.
972 4241 1006 4294 25
