3017 4759
173 299 394 370 nssnonmn
422 297 680 368 numinis
696 301 835 368 xxxi-s
854 283 1039 371 17-λο
1069 293 1171 372 ‹itit›

63 463 126 528 καί
153 463 289 550 ζήσεται.
343 462 409 528 ἄλλ’
444 455 524 588 όφει
542 460 582 527 τά
604 461 740 528 όπίσθιά
758 461 860 546 μου,”
884 460 947 528 εἴτε
968 463 1040 562 τούς
1060 458 1187 550 λόγους.

64 567 136 628 τῶν
165 561 263 632 όντων
282 563 391 651 λόγων,
422 564 477 628 καί
507 561 568 629 όσα
594 565 653 648 μὲν
680 565 799 629 ἐκεῖνον
821 564 943 630 ἐκείνου
964 567 1171 692 γνωρίσματα

67 665 155 731 κατά
175 665 228 731 τόν
249 672 338 730 θεῖον
365 669 395 731 Γ
396 666 546 753 ρηγοριον
556 714 565 742 ,
596 663 657 730 εἴτε
677 662 731 750 τήν
759 664 815 730 όιὰ
834 665 954 752 σαρκός
972 668 1171 754 ἐπιφάνειαν,

64 763 125 849 τήν
149 767 183 830 ἐκ
205 767 370 854 παρθένου
395 766 541 852 δηλονότι
561 765 721 853 γέννησιν·
762 767 839 852 περὶ
859 758 897 850 ἧς
919 791 972 832 και
991 794 1008 832 o
1021 767 1170 867 άπόστο-
1182 783 1238 834 lo

35 869 125 943 5λός
150 893 248 954 φησιν
269 866 434 994 “ἒπεφάνη
471 865 609 953 ἧχάρις
642 892 696 932 του
683 866 852 932 Ηθεοῦ
832 897 851 953 η
884 869 1041 989 σωτήριος
1074 854 1172 935 πᾶσιν

68 967 291 1054 άνθρῶποις,”
322 969 512 1056 ἐπιφάνειαν
540 968 679 1032 ἐνταῦθα
705 969 805 1053 λέγων
836 968 873 1033 οὐ
895 968 976 1054 κρτόι
995 967 1051 1054 τήν
1072 971 1172 1034 πάλαι

65 1072 133 1134 τῶν
156 1073 338 1154 προφητῶν,
362 1067 443 1133 άλλά
465 1067 520 1154 τήν
540 1070 595 1133 νῦν
616 1067 672 1152 τήν
687 1069 741 1134 διὰ
760 1070 905 1153 σώματος
927 1071 1081 1159 άληθοῦς·
1103 1072 1172 1136 τότε

65 1169 131 1256 γάρ
150 1167 203 1234 διὰ
218 1173 407 1298 σωματικῶν
425 1170 597 1254 σχημάτων
613 1169 669 1234 καί
688 1174 829 1234 τοπικῶν
843 1172 1078 1292 φαντασμάτων
1091 1171 1170 1236 άνα-
1194 1184 1198 1191 ’

66 1271 226 1356 λόγων
186 1297 222 1358 τῃ
237 1273 299 1336 τῶν
311 1269 456 1356 όρῶντων
471 1271 632 1354 όυνάμει’
616 1269 781 1356 εγιγνσντο.
795 1270 849 1337 διά
862 1271 924 1359 γάρ
934 1274 1086 1337 vositum
1081 1271 1170 1337 διά-

24 1389 55 1441 ιθ
68 1373 173 1459 φορσί
190 1397 223 1437 τε
245 1397 277 1436 αι
294 1372 423 1457 ορασεις
439 1396 492 1436 και
487 1372 725 1447 πολυειόεῖς’
710 1375 896 1458 εφαίνοντο·
919 1397 974 1437 και
988 1397 1051 1459 γαρ
1072 1371 1172 1458 “ἐγω”’

68 1497 170 1560 φησιν
184 1470 336 1598 “όράσεις
350 1471 525 1556 ἐπλήθυνα,
548 1470 603 1536 καί
623 1471 657 1535 ἐν
669 1471 767 1588 χερσὶ
785 1475 957 1594 προφητῶν
971 1465 1172 1556 ῶμοιιόθηνῗ

66 1576 97 1638 εἰ
118 1572 181 1660 γάρ
197 1573 302 1658 αὐτήν,
323 1572 601 1659 όΧρυσσρρήμων
623 1557 765 1658 φησίν,
752 1596 862 1658 εωρων
873 1597 931 1656 την
941 1597 997 1637 του
982 1574 1095 1636 θεοῦ
1108 1572 1169 1659 φό-

65 1700 129 1753 σιν,
154 1674 209 1739 οόκ
232 1669 278 1763 όίνΙ
293 1675 458 1761 διαφόρως
484 1675 634 1737 ἐθεῶντο·
659 1671 745 1757 άπλή
763 1675 824 1758 γάρ
844 1699 893 1749 τις
908 1674 963 1738 καί
975 1673 1167 1758 ιἀσχημάτι-

65 1799 142 1852 στος
160 1775 216 1839 καί
238 1773 418 1850 άσάνθετος.
461 1766 527 1837 εἶτα
550 1771 605 1836 οἰκ
627 1768 742 1860 ῶφθην
765 1773 834 1836 ἀλλ’
860 1771 1032 1859 οἰμοιεόθην
1054 1775 1237 1860 φησίν·βο

24 1898 52 1950 ,5
66 1876 105 1940 οὗ
124 1876 186 1962 γάρ
212 1871 306 1951 άλλος
326 1873 343 1939 6
365 1874 474 1960 λέγων,
498 1874 565 1938 ἀλλ’
584 1871 678 1952 αὐτὸς
696 1875 774 1962 περὶ.
790 1868 907 1939 ἑαυτοῦ
926 1874 1012 1940 ἐστίν
1035 1872 1053 1939 6
1076 1876 1167 1950 θεός·
1245 1889 1248 1896 “

65 1976 89 2060 ἦ
116 1974 176 2062 γάρ
206 1969 369 2059 ὁμοίωσις
390 1975 553 2060 ποιότητος
583 1973 715 2053 ἔνδειξιν
753 1974 822 2056 ἔχει
850 1975 906 2041 καί
938 1975 1011 2058 οόχί
1033 1975 1169 2062 φάσεως,

67 2078 231 2161 σχήματος
252 2075 333 2162 λέγω
354 2076 409 2140 καί
426 2075 599 2162 χρώματος
618 2075 680 2142 καί,
694 2073 756 2140 ὅσα
777 2077 818 2163 τῇ
837 2070 914 2158 ὄψει
931 2076 1074 2162 πέφυκεν
1088 2074 1168 2140 άπα-

66 2179 206 2260 κείμενα,
230 2178 286 2242 καί
309 2175 370 2242 όσα
392 2180 433 2264 τῇ
457 2177 546 2262 άκοῇ,
567 2175 649 2260 λέγω
675 2173 714 2260 δή
734 2169 776 2240 Ιτό
799 2179 855 2260 τῆς
878 2179 992 2252 λαλιᾶς
1013 2171 1094 2261 ἦθος
1114 2176 1170 2241 καί

67 2279 223 2363 βούλημα.
266 2279 322 2343 καί
345 2276 407 2364 γάρ
440 2275 532 2342 καίό
564 2279 621 2342 τοῦ
642 2275 815 2362 ἀνθριόπου
837 2279 911 2352 νοῦς
933 2275 1101 2359 ἀσώματος
1124 2271 1169 2341 ῶν

24 2401 56 2454 ιο
69 2378 220 2464 αἰσθήσει
241 2378 299 2460 οόχ
321 2377 501 2446 όπόκειται·
556 2377 623 2442 ἀλλ’
645 2374 776 2441 ἐπειδάν
810 2378 855 2452 εἰς
874 2377 988 2443 λαλιάν
1010 2377 1091 2466 ἔλθη
1112 2379 1174 2443 καί

67 2479 180 2564 λόγους
203 2479 381 2566 ἐνάρθρους
388 2529 397 2559 ,
424 2481 593 2566 τηνικαῦτα
606 2478 662 2543 καί
686 2479 838 2564 αἰσθήσει
857 2479 917 2562 μὲν
937 2477 1166 2562 ὑποβάλλεται·

67 2581 124 2644 καί
144 2579 178 2645 τό
199 2583 255 2666 τῆς
276 2583 393 2658 οἰκείας
406 2583 590 2667 βουλήσεως
612 2575 696 2660 εἶδος
717 2584 774 2648 καί
788 2579 870 2667 ἦθος
890 2585 1086 2649 ἐνόεάινυται
1106 2585 1185 2666 μὲν·

67 2683 212 2758 σκιωόῶς
245 2683 302 2748 καί
329 2686 517 2767 σωματικῶς
547 2686 664 2764 εἰπεῖν,
694 2681 752 2768 τήν
772 2685 808 2748 66
842 2684 939 2771 φάσιν
959 2685 1166 2764 ἐνδείξασθαι

1268 1567 1275 1592 t

70 3002 135 3056 dixit
153 3015 208 3056 non
226 3001 391 3068 conspicitur
410 3017 425 3054 a
443 3009 552 3054 tenemo
571 3003 721 3070 conspiciet
743 3003 840 3056 iueiem
861 2992 950 3055 iteam
969 3007 996 3054 et
1013 3003 1099 3067 viset,
1117 3003 1165 3055 sed

71 3076 219 3142 conspicies
238 3081 342 3142 tergum
361 3089 466 3139 meum,
492 3073 600 3127 scilicet
619 3091 706 3127 rerum
725 3084 872 3128 erecturum
900 3075 1018 3126 nationes
1037 3080 1065 3126 ct
1083 3089 1165 3142 quus.

71 3161 174 3215 cunque
196 3145 244 3198 iile
256 3145 388 3213 Gregoses
410 3147 580 3213 cognitiones
596 3145 754 3210 nominavit,
774 3148 833 3198 sive
852 3161 975 3198 carneum
996 3144 1165 3230 epiphaniam

69 3219 88 3268 i.
109 3234 133 3268 e.
152 3218 265 3286 virginis
284 3223 396 3284 portum,
416 3218 449 3269 de
469 3233 521 3286 quo
541 3217 679 3285 spostolus
705 3217 784 3270 dicits
810 3219 932 3285 apparuit
953 3219 1040 3286 grutiu
1057 3217 1102 3269 dei
1118 3233 1165 3270 su-

69 3289 150 3340 intrix
164 3289 284 3341 omnibus
300 3288 465 3342 hominibus.
502 3289 547 3340 nbi
566 3288 734 3356 epiphanium
753 3288 884 3358 intelligit
901 3303 955 3340 non
974 3289 1108 3357 antiquum
1126 3289 1164 3340 ii-

69 3359 120 3411 iam
139 3351 336 3427 prophetorum,
355 3361 402 3412 sed
423 3375 491 3428 queo
511 3361 563 3411 hoc
580 3366 700 3426 tempore
723 3359 793 3412 foetu
809 3369 851 3412 est
869 3375 918 3428 pet·
936 3376 1027 3414 vesum
1048 3377 1163 3414 curnem

70 3431 132 3482 olim
151 3433 219 3482 enim
240 3433 376 3498 corporeis
395 3432 487 3485 formis
507 3439 533 3484 et
551 3431 711 3498 imaginibus
730 3432 873 3484 secundnm
893 3432 1039 3484 videntium
1059 3441 1164 3500 coptum

70 3503 174 3555 flebunt.
195 3503 244 3554 huc
263 3503 331 3554 enim
350 3511 453 3556 notione
473 3505 593 3555 visiones
612 3503 735 3555 divense
754 3513 781 3556 ct
793 3505 1082 3572 turitecppuruernnt.
1119 3511 1164 3554 ut.

70 3589 120 3643 qne
139 3589 189 3642 ego
209 3575 294 3643 inquit
312 3573 432 3627 visiones
450 3575 562 3645 implevi
590 3583 617 3626 et
636 3574 824 3642 prophetarum
841 3577 960 3631 monibus
988 3591 1031 3626 me
1049 3589 1163 3640 reprne.

70 3647 187 3698 sentuvi.¹
231 3647 254 3699 si
282 3647 351 3696 enim
377 3649 460 3713 ipsum
491 3648 616 3700 viderunt
635 3646 677 3698 dci
701 3648 862 3712 essentium,
888 3648 926 3699 nit
945 3647 1163 3712 chrysostomus,

69 3731 121 3768 non
140 3716 305 3768 dissimiliter
324 3718 497 3784 contemplati
509 3725 608 3782 essent,
628 3719 728 3787 quippe
747 3733 816 3788 quse
835 3718 948 3785 simplex
966 3720 1010 3782 sit,
1028 3730 1083 3768 non
1104 3717 1163 3768 ior-

69 3796 144 3852 mnttt‚
165 3802 218 3838 nou
237 3789 383 3854 compositu
404 3791 541 3856 quaedam.
583 3798 723 3876 praeterea
750 3805 805 3841 non
832 3796 993 3855 conspectus
1022 3805 1096 3853 sum,
1115 3788 1163 3840 sed

68 3875 109 3910 me
128 3860 337 3925 repraesentavi,
357 3861 451 3926 inquit.
487 3875 538 3912 nec
558 3863 627 3912 enim
648 3858 718 3913 nlius
738 3862 886 3928 quisquam,
905 3859 950 3911 sed
969 3861 1034 3912 dens
1051 3862 1111 3928 ipse
1128 3859 1162 3912 de

69 3947 127 3984 sese
145 3929 272 3998 loquitur
311 3929 509 3982 similitudinem
528 3931 610 3983 hubet
626 3940 810 4000 argumentum
823 3945 949 3997 poeseos,
968 3947 1022 3985 nou
1040 3941 1160 3995 natusne,

69 4003 166 4053 formae
187 3999 293 4053 scilicet
313 4009 340 4052 et
358 4000 459 4052 ociosis
479 4008 505 4053 et
523 4017 699 4071 quaecunque
718 4002 805 4054 oculis
817 4009 878 4054 sunt
896 4003 1016 4056 subiecta
1030 4012 1056 4055 et
1075 4017 1161 4072 quee-

69 4088 169 4142 cunqne
193 4070 312 4136 auribus,
333 4072 392 4124 dieo
412 4071 539 4139 loquendi
562 4074 782 4125 consuetudinem
803 4081 830 4125 et
849 4072 1024 4126 voluntatem.
1063 4075 1160 4126 etenim
1192 4131 1195 4147 1

68 4144 179 4196 hominis
198 4143 267 4196 sntio
287 4159 365 4212 quum
386 4145 545 4210 incorpores
564 4146 609 4210 sit,
629 4146 718 4198 sensui
737 4159 792 4197 non
808 4144 928 4197 subiecto
947 4153 1007 4210 est,¹
1017 4147 1063 4198 sed
1083 4151 1159 4213 post-

67 4219 187 4289 quamiiu
205 4214 323 4284 lingnam
342 4216 417 4268 venit
438 4224 465 4269 et
482 4216 565 4270 serbo
582 4217 654 4269 inter
668 4230 698 4270 se
713 4216 867 4284 conciliata,
884 4223 939 4268 tum
949 4217 1075 4271 sensibus
1092 4216 1159 4270 sub·

117 4327 275 4404 Νἰιιγίιτιιιι
296 4328 408 4402 Oropus.
436 4327 489 4384 tot.
507 4325 564 4384 ΠΙ.
692 4377 694 4384 ,
842 4390 847 4397 ,
940 4329 979 4387 29
