3017 4759
207 209 211 214 ’
305 210 526 280 nrsronma
555 195 1006 281 σοολιοοιαλσκκν.16.
1030 195 1097 279 17.
1187 196 1235 276 lu

137 379 252 459 ριιέναι
268 378 328 459 Ιτῆς
351 374 449 459 νη’σου
472 374 581 456 κάμας
602 375 656 439 καί
678 380 835 447 πολιτείας
858 378 912 437 κατ’
939 373 1045 449 πόλεις
1065 377 1237 460 γεγένηται.

137 476 194 541 καί
214 480 273 556 μέν
295 473 333 561 δὴ
365 474 419 539 καί
441 474 587 560 έθετόμην
606 476 638 539 τό
674 478 736 539 πάν
759 479 829 541 έκει·
845 482 934 559 γένος
958 479 1013 557 τῆς
1035 477 1142 560 νήσου,
1158 474 1241 538 Ῥω-

136 580 253 661 μαίους
278 566 385 656 ὄντας,
417 576 514 664 όλίγφ
546 580 608 641 δέω
639 580 756 659 λέγειν,
790 578 845 640 καί
875 576 932 659 την
954 578 1008 659 τῆς
1031 575 1165 659 πατρίου
1186 577 1242 637 πί-

139 702 237 754 στεως
267 677 432 757 εὐσέβειαν
451 680 586 757 βεβαίαν
615 682 649 743 έκ
668 679 822 760 διαδοχῆς
843 678 896 742 aial
922 680 1144 761 κεκτημένους·
1189 673 1243 738 καί

77 788 81 792 ’
113 796 195 862 opat
216 782 396 868 βουλομένῳ
412 801 446 860 γε
467 772 507 860 ἦν
522 782 649 842 πλείονα
659 774 776 861 χρόνον
790 780 858 843 ἐκεῖ
874 780 1112 861 διατετριφέναι
1132 780 1242 840 πλείο-

138 904 191 958 νος
223 879 310 944 ἕνεκα
335 882 359 919 ‘¹
380 882 434 944 κατ’
463 883 653 960 τελειοτέρας
685 883 749 943 τοῖν
776 882 844 944 ἐκεῖ
870 878 1066 962 πραγμάτων
1089 874 1239 961 ἱστορίας.
1251 896 1270 951 t.
1291 890 1379 953 1045,

141 985 207 1047 ἀλλ’
231 980 382 1066 ,α’νεσόβει
413 1004 468 1061 μοι
499 978 555 1061 την
590 981 743 1064 βσόλησιν
773 979 790 1041 ό
823 982 994 1064 τηνικαῦτα
1022 978 1240 1059 μελετάμενος

143 1081 286 1167 θόρυβος
310 1084 374 1144 τοόν
390 1104 422 1144 τε
446 1076 549 1147 ὅπλων
571 1080 625 1143 καί
646 1083 709 1143 rada
733 1082 803 1144 ἐκεῖ
811 1068 1044 1163 στρατιωτικῶν
1067 1079 1242 1171 δυνάμεων.

141 1176 181 1267 ἢν
200 1176 261 1265 γάρ
294 1180 430 1262 ἦνῆσος
459 1183 495 1243 ’ἐκ
525 1182 645 1243 πολλοῦ
679 1188 863 1265 συμφοραῖς
885 1172 1118 1262 έντετυχηκυῖα,
1137 1179 1178 1242 δι’
1202 1172 1242 1253 ὅς

93 1292 131 1345 10
140 1288 327 1355 Λατινικοῖς
350 1276 457 1354 ὅπλοις
477 1278 680 1345 δουλεύουσα
705 1282 746 1369 τῷ
765 1284 819 1365 τῆς
841 1284 994 1375 Βενετίας
1017 1276 1160 1361 άπέκυψε
1182 1278 1242 1363 dp?

138 1378 239 1471 μοσίφ
262 1381 491 1466 προστάγματι.
535 1377 609 1463 άρτι
630 1385 736 1446 τοίνυν
759 1381 867 1469 φήμης
887 1385 1035 1466 χεδείσης
1058 1382 1113 1444 dut
1136 1381 1241 1445 πάσαν

94 1483 111 1519 '
140 1478 272 1567 ἤπειρόν
291 1505 325 1546 τε
347 1484 404 1546 κατ’
418 1486 512 1565 νῆσον
537 1482 580 1557 σός
602 1480 631 1547 οἱ
642 1481 680 1546 τό
696 1486 726 1547 Γ
725 1483 936 1565 αλαττόνομον
958 1484 1116 1555 οἰκοῦντες
1138 1481 1241 1566 φροό-
1326 1474 1342 1487 “

139 1606 209 1667 ριον
231 1583 444 1664 σῖσέυγείτονες
467 1584 497 1645 Γ
495 1591 665 1663 εννουῖται,
688 1582 1008 1666 παρασπονδήσαντές
1028 1604 1061 1644 τε
1085 1583 1140 1644 κατ’
1160 1584 1242 1644 ε’πα-

140 1682 310 1757 ναστάντες
330 1691 394 1757 τοῖς
408 1682 608 1762 Βοζαντίοιςς
621 1686 706 1768 σφᾶς
717 1707 750 1748 τε
773 1682 1039 1764 ναυμαχήσαντες
1060 1678 1240 1765 νενικήκασι

95 1789 193 1849 15καί
215 1780 282 1864 άμα
305 1781 469 1869 θαλάσσης
494 1780 567 1867 ὅλης
590 1784 759 1867 ἠγεμονίαν
781 1784 1053 1866 ω’νειροπόλησαν,’
1068 1781 1110 1855 σός
1129 1783 1241 1866 μηκέτι

40 1950 43 1959 ,
139 1882 218 1970 μήτε
248 1882 419 1958 καθεκτοός
455 1878 536 1949 εἶναι
565 1883 645 1968 μήτε
673 1887 736 1967 μην
769 1879 838 1948 οὐδ’
867 1880 1042 1968 όμοφόλοις
1067 1879 1114 1946 ἔτι
1135 1886 1242 1962 μένειν

140 1984 332 2060 ἐνσπόνδους
354 1988 492 2065 ἐθέλειν,
524 1983 602 2049 α’λλά
634 1982 775 2068 σκληρόν
805 1982 860 2047 κατ’
887 1975 953 2048 οἷον
974 1986 1073 2048 εἰπεῖν
1093 1977 1242 2065 ἡγεμονι-

140 2082 276 2169 κηντῆν
311 2081 415 2170 σ’φρόν
443 2082 523 2149 κατά
548 2084 673 2149 πάντων
705 2078 776 2148 ὅσοι
804 2081 977 2147 θαλάττιον
997 2086 1151 2164 βόσκουσι
1172 2080 1242 2161 βίον

140 2186 429 2265 έπανατείνόισθαι,
451 2189 659 2269 ταραχθῆναί
683 2209 718 2249 τε
742 2179 798 2248 σόν
821 2181 956 2258 πολλοός
987 2179 1039 2247 διά
1063 2182 1165 2246 ταῦτα
1187 2183 1243 2245 κατ’

94 2284 269 2350 tonitrum
290 2283 430 2368 μάλιστα
452 2280 649 2367 Βενετιιιοάς,
671 2285 815 2369 μεγάλας
833 2287 893 2365 μὲν
917 2283 1083 2367 έξαρτόειν
1105 2286 1139 2347 έν
1158 2287 1243 2367 βρα-

139 2394 197 2471 χεῖ
215 2386 364 2460 ναυτικάς
386 2389 584 2467 δυναμένους
604 2386 773 2467 δυνάμεις,
792 2390 874 2468 μέγα
897 2386 932 2448 δέ
964 2382 1017 2447 διά
1043 2386 1135 2447 τοῦτο
1159 2406 1244 2470 φρο-

140 2496 207 2553 νεϊν
228 2484 370 2571 ἔχοντας,
393 2484 503 2553 ἔπειτα
526 2487 613 2577 παρά
646 2486 739 2567 δόξαν
769 2484 822 2550 ὑπ’
845 2486 973 2550 ἐκείνων
996 2478 1057 2570 ἤδη
1078 2488 1244 2567 κωλυομέ·
1329 2542 1333 2545 .

142 2610 218 2663 νους
237 2592 270 2663 ές
298 2586 355 2654 τόν
386 2581 450 2654 άνω
476 2590 574 2655 τόπον
606 2590 662 2653 καί
685 2586 741 2673 τὴν
766 2590 917 2653 Μαιάτιν
942 2591 997 2651 κατ’
1025 2584 1084 2661 τάς
1110 2584 1242 2668 ἐκβολάς

143 2841 243 2895 ritatea
262 2840 397 2911 urbesque
418 2858 498 2912 quum
517 2842 626 2905 adirem,
646 2848 729 2893 totum
747 2854 833 2910 genna
854 2841 1007 2907 hominurn,
1034 2842 1104 2910 quod
1127 2841 1242 2896 inaulam

108 2978 110 2982 v
143 2910 247 2979 incolit,
862 2914 995 2967 Romanoa
1015 2928 1075 2965 eaae
1095 2923 1122 2966 et
1139 2916 1242 2981 patriae

143 2986 207 3037 lidei
228 2986 387 3052 pietatema
412 2986 556 3053 maioribus
578 3001 663 3054 usque
690 2986 811 3037 traditam
835 2992 988 3037 constanter
1015 2986 1085 3035 tueri
1114 2986 1241 3054 cognovi.

143 3056 209 3107 mihi
228 3056 332 3125 quidem
353 3056 486 3109 inanimo
508 3065 580 3121 erat,
599 3072 650 3124 quo
671 3055 827 3124 diligentius
848 3064 874 3107 et
891 3056 1041 3126 accuratiua
1068 3055 1173 3108 insulae
1198 3072 1242 3107 rea

145 3126 322 3194 explorarem,
343 3127 450 3197 longina
469 3128 507 3179 ihi
525 3137 628 3195 tempus
649 3128 822 3189 commorari3
841 3128 889 3179 aed
907 3126 940 3177 ab
959 3125 1011 3177 hoc
1030 3129 1169 3195 proposito
1192 3128 1242 3179 de.

144 3198 263 3251 turbatur
283 3215 340 3251 aum
358 3215 488 3251 armorum
508 3199 684 3267 militumque,
704 3200 749 3268 qui
770 3205 823 3248 tum
842 3197 1039 3265 ibiparabatur,
1055 3199 1177 3251 tumultu.
1197 3200 1241 3250 in.

144 3268 204 3323 aula
224 3271 293 3320 enirn
313 3271 363 3322 iam
384 3272 428 3322 diu
447 3272 475 3321 in
501 3270 665 3323 calamitates
690 3270 839 3335 inciderat,
866 3277 978 3338 propter
1003 3287 1068 3339 quaa
1089 3271 1241 3323 Latinorum

144 3342 224 3393 armia
243 3340 352 3394 subacta
372 3341 490 3393 Venetae
511 3341 676 3409 reipublicae
706 3342 818 3409 imperio
844 3357 873 3392 ae
896 3341 1028 3394 aubrniait.
1076 3359 1155 3411 quum
1175 3357 1240 3394 vero

142 3412 221 3463 modo
243 3427 323 3480 super
343 3421 423 3464 totam
443 3414 624 3473 continentem
647 3421 673 3463 ct
691 3414 806 3465 insulam
826 3428 915 3463 rumor
935 3414 1071 3479 dispersua
1093 3422 1173 3479 esset,
1187 3414 1242 3466 Ge.

144 3498 271 3547 ruentes,
291 3485 335 3550 qui
356 3484 464 3537 Galatae
483 3492 577 3536 tenent
596 3483 735 3537 castellum
756 3486 784 3535 in
802 3484 874 3535 urbia
894 3485 1043 3548 vicinitate,
1064 3484 1174 3536 loedere
1194 3500 1242 3535 ru.

145 3562 193 3621 pto
213 3562 240 3605 et
257 3554 409 3607 rebellione
430 3556 500 3607 lacta
518 3556 664 3621 Byzantion
683 3555 788 3624 proelio
807 3555 899 3606 navali
918 3557 1018 3608 vicisse
1039 3562 1065 3605 et
1084 3556 1165 3607 totius
1183 3571 1242 3606 ma.

145 3625 183 3676 ria
204 3625 342 3692 imperium
363 3629 516 3690 somniare,
542 3636 570 3678 ut
589 3643 678 3696 neque
698 3628 819 3679 coerceri
838 3637 950 3694 possent
969 3642 1057 3693 neque
1076 3643 1111 3677 ne
1131 3627 1241 3679 foedere

146 3696 252 3762 quidem
272 3712 329 3747 cum
349 3698 523 3766 popularibus
543 3700 635 3750 iuncto
655 3707 725 3749 atara
738 3697 851 3761 vellent,
872 3699 920 3751 aed
937 3697 1052 3765 superba
1071 3698 1199 3765 quaedam
1216 3707 1243 3749 et

145 3774 174 3817 ut
196 3767 233 3817 ita
253 3767 336 3817 dicam
362 3771 534 3837 imperatoria
553 3769 699 3836 supercilia
725 3771 854 3822 adversus
881 3783 995 3833 omnen,
1015 3769 1061 3836 qui
1086 3770 1242 3822 maritimam

144 3846 229 3915 agpnt
248 3839 339 3904 vitam,
359 3856 422 3907 prae
442 3857 471 3892 ac
492 3841 602 3905 ferrent,
625 3842 724 3894 haere
745 3850 773 3893 et
792 3840 839 3892 alii
858 3840 933 3892 multi
955 3839 1105 3892 conturbati
1134 3848 1194 3893 aunt
1216 3849 1243 3892 et

143 3910 290 3977 praecipue
301 3909 405 3976 Veneti,
426 3913 481 3980 qui,
500 3928 655 3981 quamquam
668 3914 745 3967 brevi
760 3921 881 3980 ternpore
899 3928 1008 3980 magnae
1023 3914 1113 3979 copiae
1131 3911 1242 3966 navales

144 3989 377 4054 exornarexatque
397 3983 498 4034 idcirco
518 3982 586 4035 haud
608 3986 758 4037 mediocres
778 3984 828 4036 sibi
846 3984 956 4051 spiritua
975 3999 1081 4037 numere
1100 3990 1243 4050 poterant,

143 4059 198 4103 tum
214 4058 323 4121 praeter
345 4053 501 4121 opinionem
520 4054 552 4105 ab
573 4055 629 4109 illia
655 4059 706 4109 iam
725 4056 847 4125 impediti
868 4063 958 4121 erant,
983 4056 1123 4124 quominus
1142 4055 1171 4105 iu
1194 4068 1242 4105 au·
1316 4085 1322 4096 ι

142 4125 265 4190 periurae
283 4125 413 4194 regiones
434 4133 461 4176 et
478 4124 564 4182 lacum
584 4127 742 4197 tlaeotidarn
771 4136 799 4179 et
822 4128 855 4179 ad
881 4129 951 4180 aetia
969 4124 1091 4180 Tanaidia
1120 4133 1169 4192 pra
1193 4136 1242 4176 aaa
1270 4170 1275 4176 .
