3017 4759
268 213 493 292 rrrsroarlu
518 214 776 291 amiantum
797 224 908 293 xxvi.
924 202 1114 291 et-ao.
1199 212 1248 295 to

150 388 206 447 νοῦ
227 385 357 466 μίτισιι
376 389 432 451 καί
450 382 606 467 διανοίας,
627 388 691 450 soie
712 384 766 449 αἐί
789 386 980 468 γιγνομὲνων
1002 384 1247 477 στοχαζομένοις

148 476 267 566 ὄρθαῖς.
316 486 438 552 δίκαιον
467 488 496 549 δ’
517 480 602 552 εἶναι
623 486 679 552 adr
707 484 786 551 θεὸν
814 490 869 552 καί
888 484 995 553 δίκαια
1023 487 1166 569 δρῶντας
1188 485 1247 549 oiv-

147 583 299 668 θροάπους
331 594 453 671 φιλεῖν,
488 590 542 652 καί
575 592 671 654 ιοιῖεο
702 589 730 650 δ’
759 579 849 668 οἶμαι
882 594 946 663 τοῖς
966 582 1067 651 άπασι
1087 582 1246 669 γνώριμον

145 678 227 751 εἶναι
250 678 299 763 οἷς
321 686 377 752 πδν
397 692 472 753 νοάν
495 691 552 773 τῆς
573 692 682 772 ψυχῆς
706 686 787 767 οἴαξι
820 689 1109 773 πηδαλιουχιῖοθιιι
1133 690 1245 771 ξυνερ-

119 783 257 870 5ρυὴκει
281 792 446 866 συνέσεως.
490 788 622 871 sicyonio
642 787 742 854 ἕωθέν
762 813 831 854 τινα
854 787 912 871 τὴν
933 788 1043 871 πρόσω
1066 786 1165 873 φάναι
1185 808 1246 853 noa

147 890 237 969 ρείαν
256 890 403 970 βαδίζειν
435 886 544 977 άπάσῃ
572 894 698 977 σπουδῇ
715 894 912 973 προθέμενον
940 889 1088 955 τοσοῦτον
1112 880 1245 953 ὄπισθεν

143 980 280 1069 ἑσπέρας
302 985 443 1071 δρᾶσθαι
462 992 642 1075 καθήμενον
666 987 742 1055 ὅσον
764 986 944 1073 ἔμπροσθεν
966 990 1073 1071 ἐχρῆν,
1093 990 1186 1054 roien
1208 989 1244 1053 δὲ

150 1082 213 1149 καί
222 1081 270 1165 οἷς
303 1088 406 1171 α’λίγυς
427 1092 591 1175 ἐμπέφυκε
619 1093 704 1172 νοῦς,
726 1087 814 1174 γνοίη
846 1083 885 1153 dv
907 1088 987 1153 θεοά
1009 1088 1132 1162 πάντας
1154 1080 1245 1166 εἶναι,

145 1189 225 1273 μήτε
245 1187 311 1273 μὴν
332 1198 398 1266 τοῖς
418 1193 475 1255 τοῦ
496 1194 680 1271 βαδιζοντος
700 1189 826 1275 τρόποις
849 1189 1078 1275 α’ριοκομδνοα,
1102 1185 1157 1251 καί
1176 1180 1244 1268 άμιι

98 1297 212 1367 torcia
230 1292 332 1378 εοάερι
355 1295 527 1373 δρωμένοις
561 1288 681 1358 ἅπασιν
715 1294 868 1376 ἐμφανῶς
903 1294 1109 1373 μαχομένου,
1138 1292 1192 1355 καί
1212 1290 1244 1365 ἐς

142 1390 182 1455 τά
211 1384 293 1455 πάνυ
320 1393 381 1456 τάν
413 1390 589 1474 προοιμίων
616 1373 827 1459 διαντιαάτατα
862 1396 985 1473 πέρατα
1016 1390 1075 1473 τὴν
1101 1390 1259 1470 σπουδὴν

143 1488 425 1574 άνειπεριάγονιος.
448 1496 631 1585 ’μέμνημαι
648 1495 769 1558 ιοίνυν
799 1494 860 1574 οάχ
881 1486 981 1573 ἅπαξ,
1011 1484 1087 1557 οὐδὲ
1109 1488 1157 1564 δίς
1180 1503 1308 1555 naono

144 1596 200 1657 καί
217 1590 286 1674 τρίς
306 1591 410 1676 μόνον,
435 1594 515 1657 άλλά
547 1596 602 1657 καί
635 1592 723 1675 μάλα
755 1593 857 1675 δήπου
879 1615 914 1675 γε
941 1590 1089 1664 πολλάκις
1121 1592 1243 1672 άμφοϊν

141 1688 218 1774 ἡμῖν
238 1692 378 1769 εἰπόντος
400 1698 460 1758 rori
472 1697 503 1758 Γ
500 1700 621 1779 ρηγοροῖ
638 1692 715 1760 κατά
739 1693 797 1769 τάς
816 1694 970 1761 ἐνταυθοῖ
986 1687 1134 1765 πολλάκις
1157 1690 1245 1756 ἰδιο-

98 1809 132 1861 15
145 1789 261 1872 ζοάσας
281 1796 306 1832 ¹‘
336 1792 465 1878 μακράς
495 1799 552 1858 καί
580 1797 758 1869 πολυειδεῖς
790 1794 881 1877 ἡμῶν
905 1793 1032 1877 ὁμιλίας
1065 1784 1175 1874 (οἶσθα
1208 1790 1385 1867 detrusa„

143 1891 204 1957 καί
224 1895 335 1979 adeda)
358 1890 416 1968 τάς
434 1898 566 1976 βίβλους
588 1890 668 1961 εἶναι
692 1898 751 1960 sori
773 1898 921 1977 Παλαμά
948 1896 1136 1975 δυσσεβείας
1160 1891 1243 1973 πλή-

141 2018 208 2075 ρεις
238 1998 383 2077 μακροῖς·
426 1993 465 2071 άς
486 1998 669 2081 δεχομένοις
690 1992 788 2081 ἡμῖν,
820 1998 876 2061 καί
905 1993 1023 2075 πολλὴν
1052 1992 1107 2057 καί
1127 2014 1242 2057 πανιο-

143 2095 249 2179 δαπὴν
281 2095 340 2180 τήν
371 2098 538 2176 ου’μὲνειαν
571 2099 664 2183 σφίσι
689 2100 940 2180 παρεχομένοις,
978 2094 1097 2180 ἔφασκέ
1130 2116 1163 2157 ει
1192 2096 1246 2159 καί
1278 2123 1297 2141 ³

142 2192 326 2279 ὑπισχνεῖτο
349 2200 465 2282 μηδενί
483 2202 544 2265 τάν
564 2196 639 2283 ἡμῖν
655 2224 691 2283 γε
704 2202 875 2280 δρωμένων
892 2197 1051 2281 δημοσίων
1070 2195 1245 2277 είδρομίαν

96 2298 374 2381 ascantensium
402 2299 482 2382 πρὸς
501 2302 560 2365 τοῦ
591 2289 715 2366 δικαίου
736 2301 816 2364 θεοῦ
828 2350 837 2381 ,
860 2300 927 2364 ἄλλ’
951 2293 1193 2379 α’ναεράπεοθαί
1209 2314 1243 2359 τε

141 2397 247 2463 πάντα
275 2398 330 2465 ιιαί
359 2398 557 2487 φθείρεσθαι
576 2404 764 2488 προφανάς,
795 2398 940 2484 καθάπερ
965 2402 1128 2482 κεραυνοῖς
1150 2394 1244 2459 αι’θε-
1292 2411 1298 2419 ’

142 2499 224 2583 ρίοις
246 2499 286 2565 τά
307 2498 393 2585 ληία.
445 2504 476 2567 εἰ
504 2506 539 2568 δά
565 2526 628 2567 που
650 2504 706 2567 καί
734 2504 834 2581 δόξειε
861 2506 925 2566 τοῖν
954 2500 1115 2585 ἡμετέρων
1142 2493 1243 2585 ἔργον

141 2597 175 2663 ἓν
203 2598 372 2667 ὁποιονοῦν
405 2602 525 2693 ὁπῃοῦν
551 2603 700 2689 εάευχεῖε
729 2603 763 2669 ἑκ
786 2606 982 2687 προοιμίων,
1015 2598 1083 2667 άλλ’
1106 2590 1163 2667 orla
1184 2597 1241 2667 οδε

142 2886 177 2937 tis
195 2893 277 2956 atquo
295 2887 405 2943 consilii
419 2889 553 2957 particeps
571 2904 625 2953 res,
646 2889 778 2958 quomodo
798 2902 921 2956 quaeque
940 2892 1061 2953 agantur,
1080 2890 1155 2937 reete
1174 2897 1239 2950 per-

141 2957 247 3023 spiciat.
285 2959 382 3011 iustum
400 2976 466 3014 rere
486 2976 545 3014 esse
563 2961 641 3013 deum
654 2969 681 3015 et
698 2961 783 3014 iustos
803 2958 924 3013 homines
942 2956 975 3007 ab
994 2970 1027 3009 co
1048 2956 1138 3018 amari,
1161 2954 1240 3007 etism

141 3027 194 3080 hoe
212 3037 275 3095 puto
296 3032 417 3083 omnibus
434 3048 589 3101 persuasum
618 3048 692 3097 esse,
724 3047 834 3100 quorum
863 3028 943 3081 animi
971 3025 1152 3096 gubernaculo
1172 3039 1238 3089 pru.

141 3099 248 3151 dentiae
268 3101 424 3169 dirigentur.
463 3106 485 3156 si
505 3106 565 3173 quis
585 3105 655 3157 enim
674 3119 752 3155 mane
778 3102 847 3153 omni
864 3100 953 3157 studio
972 3113 1046 3155 suum
1065 3098 1135 3161 iter,
1156 3103 1185 3149 ut
1201 3094 1238 3147 its

141 3171 236 3235 dicam,
257 3176 382 3242 persequi
402 3177 454 3228 sibi
472 3177 651 3243 proposuerit,
671 3189 786 3241 vespera
805 3180 893 3225 autem
912 3186 996 3239 usque
1018 3170 1085 3223 adeo
1105 3166 1239 3237 posterius

141 3242 236 3293 sedena
256 3247 447 3314 conspiciatur,
466 3264 544 3316 quam
562 3246 676 3299 debebat
695 3260 855 3315 progressus
877 3258 947 3307 esse,
967 3240 1011 3293 vel
1031 3240 1131 3308 pusilla
1149 3245 1238 3291 mente

140 3313 255 3367 imbutus
284 3316 469 3384 intellexerit,
494 3319 546 3370 hoc
565 3318 607 3371 dci
632 3333 692 3370 esse
711 3318 829 3381 lacinus,
854 3316 899 3385 qui
918 3313 1130 3366 hominisistius
1151 3324 1239 3361 mores

141 3384 291 3451 improbans
314 3390 449 3454 omnibus,
476 3406 544 3461 quae
563 3388 612 3441 ille
633 3390 703 3457 agit,
729 3389 871 3442 manifesto
895 3392 1026 3453 repugnat
1046 3386 1157 3452 eiusque
1180 3390 1238 3434 stu·

141 3454 212 3507 diurn
239 3458 270 3509 ad
300 3462 478 3527 eontrarium,
505 3477 581 3530 quam
606 3461 681 3513 initia
699 3462 893 3532 promiserunt,
921 3456 1105 3509 circumflectit
1130 3456 1258 3535 exitum

141 3530 249 3581 memini
267 3540 355 3583 autem
375 3533 521 3602 Gregoram
545 3549 599 3585 non
617 3533 701 3586 semel
727 3520 778 3584 n'ec
805 3532 846 3583 his
873 3539 950 3584 terve
970 3530 1015 3581 sed
1037 3526 1192 3594 saepissime
1211 3537 1239 3573 ru

141 3598 231 3667 longis
250 3610 330 3671 atque
349 3606 432 3657 variis
452 3604 597 3674 colloquiis
616 3604 710 3655 crebro
732 3602 871 3655 nobiscum
900 3602 944 3653 hic
963 3600 1102 3661 institutis,
1122 3596 1149 3647 id
1169 3594 1239 3663 quod

141 3670 201 3737 ipsc
222 3672 290 3725 haud
310 3675 429 3744 ignoras,
446 3676 524 3729 nobis
544 3678 646 3739 dicere,
665 3674 882 3727 librosPalamae
899 3687 995 3741 magna
1014 3676 1119 3723 scatere
1136 3667 1237 3733 impie-

140 3749 205 3795 tate.
242 3761 309 3813 quos
329 3749 351 3800 si
370 3763 421 3800 nos
439 3750 619 3815 reciperemus
642 3764 673 3801 ac
695 3761 792 3815 magno
820 3747 914 3799 favore
935 3752 961 3795 et
980 3742 1050 3793 omni
1068 3737 1238 3792 benevolen-

138 3814 177 3863 tia
196 3829 431 3887 prosequeremur,
449 3820 519 3871 nulli
547 3820 588 3871 rei
607 3820 731 3889 publicae
750 3834 766 3869 a
783 3819 862 3871 nobis
881 3822 1022 3881 susceptae
1044 3812 1121 3865 deum
1142 3811 1238 3866 iustum

139 3898 288 3952 prosperos
307 3906 448 3944 successus
467 3893 588 3944 daturum
606 3909 677 3955 esse,
696 3892 764 3945 dixit
782 3897 861 3957 atque
878 3886 1000 3956 promisit
1017 3883 1085 3948 ille,
1105 3882 1152 3936 sed
1171 3882 1238 3943 fores

138 3963 169 4006 ut
187 3963 278 4013 omnia
295 3962 516 4015 subverterentur
543 3979 576 4015 ac
593 3964 735 4017 manifesto
764 3964 997 4026 corrumperentur
1016 3954 1102 4009 veluti
1131 3960 1238 4032 segetes

140 4026 294 4097 fulguribus
315 4034 459 4088 aethereis.
496 4036 538 4087 sin
557 4044 645 4089 autem
663 4034 731 4089 haec
758 4031 804 4085 rel
823 4030 872 4083 illa
890 4044 934 4083 res
955 4024 1139 4097 aliquomodo
1161 4024 1238 4107 initio

39 4144 47 4151 .
136 4102 217 4179 nobis
236 4107 386 4162 succedere
405 4106 498 4161 visura
516 4114 604 4176 esset,
616 4116 731 4162 atmmen
756 4118 811 4157 aon
837 4102 920 4173 longo
940 4108 1060 4170 tempore
1079 4098 1237 4167 interposito
