3017 4759
264 161 315 244 σε
380 213 383 217 -
583 170 807 243 mamacas
840 170 1073 241 enucoase

264 338 419 414 διαλέξεις
449 335 646 418 ποιούμενος.
690 332 773 402 ὥστε
799 340 855 401 κατ’
881 337 1014 417 Κύπρον
1036 335 1155 415 μικροῦ
1188 334 1295 395 πᾶσαν
1321 332 1371 403 εἰς

197 447 250 497 11
265 430 363 517 ὕμνον
386 435 440 501 τὸν
460 437 518 501 σὸν
541 434 738 522 ἀνηρτήσατο
768 441 823 501 καί
844 432 982 519 κη’ρυκας
1012 440 1157 521 πέπραχε
1179 432 1268 508 σοιῖς,
1290 432 1370 514 πρίν

262 533 400 611 ἐκείνους
421 537 500 601 ἰδεῖν
521 561 551 602 τι
574 540 637 600 ταῖν
658 540 733 605 σῶν.
758 532 843 601 οδτω
865 560 899 617 γε
920 534 986 617 μὴν
1008 534 1134 617 καὶτῆς
1154 555 1189 613 γε
1211 533 1269 615 σῆς
1293 533 1370 593 έπε-

263 632 360 718 θιίμει
383 641 461 713 θέας
484 642 538 703 καί
561 637 687 717 ὁμιλίας
707 645 828 719 τυχεῖν,
852 639 908 701 κατ’
927 631 1013 699 οὕτω
1030 635 1092 698 τιδν
1118 633 1270 697 τοιούτων
1293 626 1368 705 δλος

265 738 402 820 ἐγίγνετο
424 741 581 820 λογισμῶν
602 736 724 821 νύκτωρ
747 738 802 801 καί
821 742 898 818 μεθῗ
917 736 1049 819 ἡμέραν,
1073 726 1155 797 οἱίστε
1171 732 1227 796 καί
1247 725 1392 816 ηδχετοδ

262 836 306 919 μα’
330 836 482 921 πρότερον
503 839 574 921 μήτ’
599 840 716 903 ἐκεῖνον
737 838 818 921 μήτε
840 844 877 903 σὲ
899 844 1012 901 θανεῖν
1034 834 1109 917 πρίν
1133 832 1165 909 ἐς
1191 836 1367 912 Βυζαντίον

262 935 381 1002 ἐκεῖνον
404 938 570 1023 α’φῖχδαι,
597 936 696 1002 πάλαι
714 929 809 1003 τοῦτο
842 942 1040 1023 βουληθέντα
1065 935 1120 999 κατ’
1137 933 1369 1017 μελετήσαντα,

262 1036 360 1122 μόνης
381 1036 471 1102 ἕνεκα
491 1044 567 1115 θέας
588 1042 642 1104 καί
656 1040 784 1120 ὁμιλίας
799 1045 860 1121 ,τῆς
882 1044 950 1121 σῆς.
973 1034 1074 1112 οὕτως
1095 1038 1229 1120 ἀποίητα
1249 1028 1289 1117 ἦν
1302 1036 1370 1097 ’καί

265 1135 418 1222 εἰλικρινῆ
428 1137 463 1205 τὸ
481 1140 636 1224 παράπαν
649 1139 704 1204 αἐί
718 1137 757 1203 τοὶ
774 1144 896 1217 ἐκείνου
911 1139 991 1221 πρὸς
1003 1144 1050 1218 σε’,
1063 1138 1119 1203 καί
1131 1138 1225 1201 οὐδέν
1236 1135 1369 1221 οὐδαμῇ

263 1230 482 1320 πεπλασμένον
493 1234 572 1324 ἦδος
587 1238 813 1306 ἐνεκεκόλαπτο
825 1249 890 1314 τοῖς
909 1240 1028 1305 ἐκείνου
1042 1238 1209 1322 γράμμασι
1226 1234 1366 1315 πώποτε,
1378 1249 1412 1303 1⁰
1427 1250 1431 1256 ’

264 1334 322 1403 ὅσα
344 1362 395 1405 σοι
416 1344 480 1404 τοῖν
500 1339 566 1407 σοῖν
588 1345 718 1424 μακρῶν
738 1343 864 1405 ἐκείνων
880 1343 1043 1423 ἐγκωμίων
1062 1338 1115 1402 αέί
1136 1341 1268 1401 διετέλει
1282 1339 1369 1414 πέμ-

265 1466 331 1506 πων
351 1439 464 1521 μεστοί.
487 1442 614 1522 ἐκόμισε
631 1445 666 1506 δέ
680 1464 734 1521 μοι
753 1447 807 1507 καί
827 1438 887 1506 ὅσα
905 1444 961 1523 τῆς
984 1437 1212 1524 α’στρονομικῆς
1232 1436 1368 1520 ἐπιστή-

265 1566 327 1627 μης
355 1542 441 1629 ου’τῷ
465 1544 665 1629 λέπεπόμφεις
696 1543 796 1618 αὐτὸς
821 1542 900 1609 sard
923 1541 1099 1627 διαφόρους
1129 1533 1229 1606 ἄλλοτ’
1247 1530 1368 1612 ἄλλους

264 1642 337 1718 τούς
346 1640 490 1725 χρόνους,
504 1650 558 1708 καί
572 1637 608 1726 ἦν
624 1647 667 1707 δι’
679 1642 853 1728 ἐκπλήξεως
868 1638 955 1727 οἴγων
970 1638 1055 1717 ὅπως
1068 1646 1189 1707 ἐκείνου
1201 1640 1296 1725 χάριν
1309 1637 1370 1703 πό-

265 1766 328 1807 νων
348 1740 423 1817 τούς
444 1749 570 1819 πλειόυς
584 1748 639 1809 κατ’
657 1742 798 1825 μα’λιστα
813 1747 979 1827 δυσχερεῖς
994 1748 1057 1808 τῶν
1077 1740 1228 1807 τοιούτων
1244 1736 1414 1808 buada-15

265 1864 347 1908 σεοον
368 1843 401 1907 έν
422 1844 542 1927 ὀλίγαις
564 1846 745 1909 συνέκλεισε
768 1850 953 1928 συλλαβαῖς.
998 1850 1054 1910 καί
1073 1848 1132 1925 μὲν
1153 1841 1193 1928 tq*
1216 1840 1370 1925 οδδὲ“τὴν

267 1948 474 2025 Πτολεμαίου
512 1945 802 2029 οἷποτελεσματικῆν
841 1948 1046 2029 τετράβιβλον
1090 1948 1166 2029 περί
1198 1943 1370 2017 ἐλάσσονος

266 2050 403 2111 ἐποιεῖτο
424 2048 567 2131 σπουδῆς
587 2052 718 2129 ἐκεῖνος,
752 2042 833 2113 ἄλλα
854 2051 971 2131 ταύτην
992 2072 1026 2112 τε
1047 2050 1103 2111 καί
1129 2042 1190 2111 ὅσα
1214 2046 1290 2128 περί
1305 2047 1369 2107 τῶν

266 2144 383 2225 ὁμοίων
404 2156 468 2222 τοῖς
483 2147 691 2227 Πτολεμαίου
713 2155 936 2230 παλαιοτέροις
965 2144 1034 2230 ἅμα
1062 2148 1117 2212 καί
1136 2150 1296 2229 νεωτέροις
1319 2142 1370 2207 ἔτι

270 2250 410 2330 περίεστι
432 2252 643 2329 γεγραμμένα,
668 2252 723 2313 κατ’
742 2244 803 2313 ὅσα
825 2249 923 2313 ιιιίλαι
944 2250 1123 2324 Χαλδαίοις
1144 2247 1197 2311 καί
1221 2252 1369 2328 Πέρσαις
1379 2256 1418 2310 20

267 2352 443 2430 πεποίηται,
467 2346 726 2413 adrevaldum
751 2351 1004 2435 φιλοπονώτερον
1022 2347 1142 2437 μετῄει.
1166 2348 1240 2411 ’κατ’
1264 2344 1371 2411 έπόσα

136 2460 156 2515 l.
170 2459 256 2517 1021».
266 2452 326 2530 pta
347 2443 427 2529 ὑπὲρ
455 2448 495 2512 rai
516 2446 698 2529 ἐσκαμμένα
730 2452 960 2531 τοῖςειίσεβέσι
991 2454 1099 2531 νόμοις
1123 2454 1178 2514 κατ’
1197 2448 1371 2530 ὑπερόριον

266 2551 359 2615 τείνει
385 2550 480 2630 πόδα,
498 2550 602 2615 ταῦτα
625 2551 654 2614 δ’
674 2551 836 2617 ἐπεσείετο
858 2576 890 2615 τε
912 2554 967 2615 καί
990 2554 1137 2617 διέπτυεν
1158 2550 1201 2626 αἷς
1221 2541 1378 2633 ἄχρηστα

208 2850 211 2855 ’
277 2854 390 2925 Cyprios
408 2855 441 2909 ad
459 2864 529 2909 tuam
549 2854 662 2926 gloriam
679 2865 853 2911 ¹converteret
871 2860 963 2925 tuique
987 2858 1138 2910 laudatores
1159 2855 1293 2916 efficeret,
1313 2853 1373 2919 pri.

275 2944 383 2997 usquam
404 2937 508 2981 tuorum
528 2930 670 2997 quidquam
689 2930 821 2982 viderent.
841 2938 893 2980 tam
912 2928 1087 2980 uehementer
1105 2943 1171 2979 vero
1190 2924 1314 2992 cupiebat
1322 2923 1374 2975 sibi

273 3002 454 3068 contingere,
474 3009 504 3052 ut
517 3008 543 3051 te
563 3004 667 3054 videret
686 3010 828 3069 tecumque
847 3010 1053 3053 conversaretur
1072 3009 1099 3051 et
1118 3000 1155 3049 ita
1174 3006 1245 3049 totus
1263 2998 1292 3046 in
1309 2994 1374 3045 tali-

275 3071 323 3122 bus
347 3072 556 3139 cogitationibus
574 3080 656 3124 noctu
675 3080 701 3124 et
719 3074 764 3124 die
782 3082 853 3138 erat,
879 3080 909 3123 ut
930 3062 1097 3139 precbretur,
1116 3086 1151 3121 nc
1172 3071 1246 3135 prius
1274 3066 1320 3117 aut'
1344 3074 1374 3116 tu

270 3144 414 3195 morereris
433 3151 479 3194 aut
497 3144 556 3209 ipse
574 3144 719 3195 decederet
736 3161 751 3195 e
770 3147 836 3208 vita,
855 3160 932 3211 quam
951 3144 1109 3209 Byzantium
1128 3143 1249 3193 venisset
1266 3139 1292 3190 id
1304 3136 1376 3206 quod

159 3221 164 3225 ’
262 3214 326 3263 ‘iam
346 3213 390 3263 diu
410 3215 545 3267 voluisset
573 3223 600 3266 et
623 3214 801 3266 deliberasset
823 3215 898 3266 nulla
925 3215 978 3266 alia
1003 3215 1148 3277 decuma,
1173 3227 1251 3280 quam
1276 3217 1305 3261 nt
1328 3217 1375 3259 tuo

278 3284 408 3355 adspectu
430 3294 457 3336 ct
477 3286 671 3338 consuetudine
688 3285 740 3336 frui
759 3295 859 3353 posset.
898 3295 949 3337 tam
967 3285 1081 3353 simplex
1100 3292 1158 3336 erat
1175 3292 1281 3350 tamque
1304 3278 1378 3332 omni

276 3368 311 3405 ex
331 3363 407 3421 parte
425 3359 547 3409 sinceros
567 3372 672 3423 semper
692 3359 750 3409 eius
770 3360 873 3409 animus
891 3360 1019 3410 adversus
1037 3350 1378 3425 tenequequidquamlicti

275 3434 324 3477 aut
342 3426 424 3478 luculi
444 3443 559 3496 unquam
580 3428 682 3481 inillis
707 3428 806 3480 litteris
830 3428 1024 3491 delitescebat,
1043 3443 1108 3495 quas
1133 3426 1314 3478 laudationum
1338 3421 1377 3473 toi
1488 3486 1490 3493 Ι

275 3495 418 3565 longarum
438 3498 533 3566 plenas
549 3509 681 3566 perpetuo
701 3500 749 3551 tibi
769 3502 849 3553 misit.
895 3500 1053 3567 apportabat
1076 3499 1140 3551 mihi
1165 3499 1243 3549 etiam
1263 3496 1377 3561 scripta,

277 3582 346 3634 quae
365 3570 401 3621 de
419 3573 583 3623 astronomia
603 3571 627 3621 ei
647 3572 763 3623 diversis
782 3572 947 3639 temporibus
964 3573 1086 3635 miseras,
1106 3567 1378 3637 quainremiratione

263 3638 335 3691 ,lere
355 3639 495 3705 perculsus
516 3658 596 3706 eram,
616 3642 747 3709 quomodo
768 3642 992 3695 laboriosissimus
1012 3650 1039 3693 et
1056 3640 1229 3695 difficillimas
1253 3645 1379 3690 astrono-

278 3709 412 3761 micarum
431 3715 616 3780 quaestionum
635 3714 728 3779 paucis
748 3713 950 3780 comp'rehendit
966 3712 1089 3779 syllabis.
1125 3726 1214 3779 neque
1227 3724 1295 3762 vero
1313 3707 1380 3760 Pto-

277 3777 378 3831 lernaei
398 3783 641 3849 apotelesmaticam
661 3783 823 3835 tetrabiblon
841 3785 973 3854 neglexit:
993 3785 1041 3836 sed
1058 3799 1112 3836 non
1131 3782 1217 3837 solum
1239 3796 1295 3832 eam
1321 3786 1381 3831 atu-

281 3851 433 3906 diosissime
453 3854 601 3918 lectitabat,
620 3855 667 3907 sed
688 3857 767 3906 etlam
787 3871 879 3908 omues
899 3856 983 3908 libros
1002 3856 1036 3907 de
1055 3854 1135 3908 simili
1154 3860 1321 3920 argumento,
1335 3848 1382 3916 qui

282 3936 297 3974 a
317 3922 494 3991 scriptoribus
512 3926 667 3979 Ptolemaeo
686 3926 882 3995 antiquioribus
900 3927 946 3978 rel
965 3926 1160 3978 recentioribus
1180 3922 1320 3991 compositi
1331 3919 1382 3970 ad-

279 3995 334 4047 buc
357 4004 464 4048 exstant
486 3998 531 4050 vel
552 4014 567 4049 a
585 3997 723 4050 veteribus
743 3996 884 4051 Chaldaeis
905 4006 932 4048 et
949 3996 1038 4049 Persis
1057 3996 1203 4063 conscripti
1220 4002 1291 4047 sunt.
1335 3988 1383 4045 sed

268 4081 447 4138 quaecuuque
471 4070 538 4123 lines
562 4069 662 4123 sanctis
686 4067 793 4137 legibus
820 4070 981 4123 constitutos
1015 4070 1149 4120 excedunt
1176 4076 1257 4134 atque
1283 4072 1382 4115 metam
