3017 4759
222 325 230 344 ,
316 265 392 347 324
591 279 842 354 ‚utoeuuout
870 277 1102 344 uumouuu

312 441 409 523 α’κοῆς
427 434 601 522 &locossic
613 443 670 506 καί
687 441 874 522 διαναστάς,
890 439 967 504 “και“
986 435 1071 523 μηθ’
1092 437 1191 524 φησίν
1206 433 1330 523 ιἸόγρῆν
1353 465 1423 504 ιτα·

311 538 494 623 σοδόκαμον
515 540 635 607 ottone·
663 540 742 607 κατό
766 544 803 606 σὲ
825 548 933 605 καλεῖν
953 537 1010 606 τόν
1031 536 1128 620 θεόν,
1149 537 1204 603 καί
1220 537 1266 622 μη
1295 564 1419 604 ιιαντο.

311 639 464 724 όόκαμον.
506 641 582 724 ἡμῖν
601 641 663 728 γόρ
687 647 721 708 ἐκ
741 641 850 708 τοῦτό
871 640 969 706 πάνθ’
992 637 1052 705 ὅσα
1068 639 1224 725 βούληται
1248 633 1419 705 δόνασθαι

311 746 410 826 μέχρι
430 746 488 810 νῦν
508 739 612 808 ε’δόκει
635 749 804 810 καλεῖσθαι
827 740 1067 821 ιιαντοδόναμον
1086 741 1140 806 τόν
1161 738 1248 822 θεόν,
1273 744 1330 805 καί
1352 742 1396 804 ον’
1394 768 1419 824 χ

312 844 357 919 uic
377 839 419 909 σό
443 843 535 929 φῄς.”
577 841 747 925 όιιολαβοόκ
769 845 805 908 δὲ
826 841 842 908 ό
863 846 1029 920 Παλαμός
1044 838 1159 906 “silici
1186 841 1264 906 κατὰ
1291 841 1443 926 senarios

310 948 370 1032 τοό
389 943 428 1009 σ”
446 943 543 1029 φησίν
559 940 626 1019 “sic
644 970 663 1008 τ
682 949 802 1026 γίνεται
825 943 1082 1023 παντοδόναμος,
1103 941 1249 1026 καθάπερ
1270 941 1327 1006 καί
1348 941 1419 1006 θό-

67 1063 78 1086 ·
177 1049 416 1116 ettontme
437 1041 618 1108 θάλαττα.”
667 1047 766 1126 γε’λως
801 1037 859 1108 οὖν
882 1047 937 1108 ε’τιί
962 1040 1087 1118 τοότοίς
1119 1037 1205 1127 ἤρθη
1235 1043 1349 1124 καλός,
1373 1043 1418 1118 τός

310 1145 388 1230 μηδ’
407 1143 506 1210 αὐτόν
520 1147 551 1210 Γ
549 1148 690 1230 ρηγορᾶν
710 1149 858 1229 κατέχειν
875 1141 991 1210 ἔαυτόν
1010 1143 1183 1226 δύνασθαι,
1206 1147 1309 1211 καίτοι
1333 1151 1418 1208 nol-

311 1244 350 1311 λοὶ
374 1246 451 1329 ιιρὸς
471 1245 506 1311 τό
529 1245 574 1329 μη“
607 1250 749 1332 φανῆναι
778 1249 918 1329 γελῶντα
941 1244 1134 1328 βουλόμενον
1152 1243 1209 1308 καί
1229 1239 1297 1325 όμα
1317 1250 1419 1327 σιγᾶν

245 1370 300 1423 0!
311 1344 365 1413 διόι
385 1347 442 1422 τός
460 1351 514 1430 τῆς
529 1347 670 1432 κεφαλῆς
692 1346 867 1432 ἀλγηδόνας
886 1346 1122 1430 ἐπιτηδεύοντα.
1166 1345 1235 1410 ἄλλ’
1255 1343 1273 1407 ό
1289 1351 1419 1410 Παλα-
1428 1353 1457 1406 10

311 1453 376 1533 μός
396 1447 580 1513 διακόπτειν
598 1447 654 1512 τόν
667 1453 789 1531 γίλοοτα
801 1447 1032 1532 μηχανώμενος
1046 1449 1109 1510 ταῖν
1129 1445 1283 1528 νίρότερον
1305 1443 1417 1530 εἴχετο
1497 1433 1498 1482 f

311 1551 431 1634 λόγιον,
461 1546 695 1632 α’ναλαμβόνοον
718 1543 816 1624 αὖθις
838 1550 967 1615 ἐκεῖθεν.
1007 1543 1079 1610 “Su
1101 1549 1128 1611 δ’
1152 1541 1230 1612 itte
1259 1546 1294 1612 τό
1319 1547 1419 1631 ἔχον”

312 1656 395 1738 φησί
409 1647 486 1716 “not'
507 1643 583 1714 ἄλλο
603 1653 639 1716 τό
661 1648 834 1733 ἐχόμενον,
856 1651 952 1733 δῆλον
973 1649 1033 1712 κόκ
1058 1651 1118 1712 rori
1138 1648 1229 1732 όγίον
1253 1653 1417 1730 Μαξᾴιου

312 1747 504 1834 λόγοντος“ό
534 1755 592 1831 μὲν
613 1750 688 1825 θεὸς
708 1749 855 1833 γινιόσκει
886 1746 1003 1815 ἑαυτὸν
1026 1753 1062 1814 ίκ
1091 1753 1147 1832 τῆς
1166 1752 1332 1834 μακαρίας
1357 1752 1419 1815 οό-
1497 1743 1498 1791 l

312 1854 384 1926 σίας
406 1853 520 1929 αότοό,
544 1851 584 1915 τό
607 1853 639 1914 δ’
659 1850 714 1914 ὑπ’
736 1851 837 1917 αὐτοῦ
859 1846 1004 1934 γεγονότα
1027 1853 1136 1934 ἕκτης
1160 1853 1277 1937 σοφίας
1294 1851 1418 1929 αὐτοῦ,
1429 1859 1458 1910 15
1497 1877 1498 1918 3

314 1955 356 2017 δι’
381 1942 418 2036 ἧς
440 1950 496 2015 καί
513 1953 548 2016 όν
569 1942 592 2039 ᾗ
613 1948 653 2014 τό
675 1948 779 2016 κιόντα
800 1949 964 2035 ἐποίησεν)
1016 1941 1109 2027 ἄλλος
1131 1942 1187 2015 σόν
1211 1950 1227 2014 ό
1250 1949 1336 2031 θεός,
1361 1953 1421 2017 καί
1497 1984 1498 1998 ¹

312 2047 393 2137 ἄλλη
414 2051 434 2136 ἦ
454 2050 555 2138 σοφία
576 2055 679 2117 αότοό
700 2054 740 2117 δι’
766 2043 804 2137 ἧς
824 2050 879 2116 καί
897 2054 932 2116 ἐν
953 2043 976 2140 ᾗ
999 2047 1037 2116 τό
1060 2051 1162 2118 πιόντα
1184 2051 1331 2138 ἐποίησε,
1359 2057 1419 2136 τῆς

311 2156 370 2218 τοῦ
389 2157 467 2218 θεοῦ
487 2154 602 2228 ον’σίας
624 2153 724 2241 ιιόντη
743 2152 900 2238 διόφσρός
917 2176 951 2216 τε
972 2156 1026 2216 καί
1047 2144 1210 2227 όκτιστος·
1233 2146 1328 2228 ἄλλος
1351 2153 1414 2236 γὰρ

312 2252 329 2318 ό
346 2252 422 2329 θεός
435 2250 452 2317 o‘
465 2251 560 2339 ἔχων,
584 2257 638 2320 καί
650 2247 730 2340 οἴλλη
744 2249 763 2338 ἢ
779 2259 877 2340 σοφία
897 2247 997 2318 αὐτοῦ
1009 2255 1052 2330 (ὃς
1066 2251 1155 2319 ἑκτόν
1169 2257 1224 2319 καί
1234 2251 1420 2324 α’νοόσιον.”

248 2353 391 2437 nuno}
410 2357 510 2420 ταῦτα
533 2350 550 2417 ό
575 2357 606 2419 Γ
604 2357 740 2440 ρηγοριῖς
763 2347 869 2436 ὥσπερ
900 2351 1014 2431 ἔνθους
1041 2353 1209 2438 γενόμενος
1237 2354 1459 2438 α’νεβόησενΞΟ
1497 2383 1498 2390 ¹

304 2450 386 2519 “oo’r
407 2454 548 2538 α’κοόετε,
571 2455 686 2530 πόντες
709 2453 740 2520 οὶ
760 2460 815 2536 τῆς
836 2456 1025 2539 όρθοδοξίας
1039 2453 1310 2538 α’ντιιιοιοόμενοι,
1333 2480 1420 2540 προ-
1497 2531 1498 2550 ¹

311 2558 423 2640 φανῶς
445 2555 641 2638 διαιροῦντα
663 2555 719 2638 την
748 2554 864 2639 εόοεβη
889 2557 948 2620 τοό
972 2557 1117 2640 Χριστοῦ
1136 2558 1304 2641 ἐκκλησίαν
1327 2555 1417 2638 όμοό
1497 2553 1498 2616 l

310 2662 378 2731 τοῖς
399 2655 595 2739 εόαγγελίοις
612 2651 670 2720 καί
688 2648 806 2732 πόσαις
820 2658 884 2721 ταῖν
905 2657 1002 2723 θείων
1023 2660 1169 2745 πατέρων
1184 2664 1340 2745 γραφαῖς,
1360 2660 1420 2722 καί

221 2981 231 2996 “
311 2977 409 3049 inquit,
429 2979 572 3048 oportebat
590 2979 641 3032 lieo
658 2979 764 3034 ratione
784 2981 968 3034 secundante
986 2979 1063 3032 deum
1077 2992 1176 3033 vocure
1194 2979 1411 3052 παοοδδναμαν

310 3067 401 3120 neque
419 3067 486 3113 vero
506 3054 741 3123 παντοδὺναμονς
760 3050 838 3118 nobis
861 3054 930 3104 eninr
945 3053 1007 3120 quis
1026 3053 1123 3115 omniu,
1143 3065 1320 3120 quaecunque
1340 3051 1411 3116 vult,

311 3123 404 3174 lacere
421 3131 520 3190 potest,
539 3140 625 3192 usque
645 3124 677 3176 αδ
695 3123 748 3176 lroc
767 3131 871 3190 ternpus
887 3122 990 3191 placuit
1006 3132 1036 3175 ut
1054 3125 1272 3194 τιαντοδὺναμος
1291 3138 1411 3176 vocure-

310 3202 355 3244 tur
373 3193 438 3245 (leus
456 3209 546 3262 neque
564 3209 631 3247 vero
650 3203 680 3246 ut
697 3203 727 3247 tu
747 3195 824 3247 dicis.
861 3195 982 3246 referens
1007 3203 1094 3247 sutem
1115 3193 1254 3258 l’ulomus,
1282 3195 1410 3246 seticum

309 3264 407 3315 mutari
425 3265 520 3331 possit,
539 3265 635 3334 inquit,
654 3270 681 3318 Σ
698 3267 727 3318 iu
741 3272 771 3330 T,
791 3267 820 3318 iit
838 3267 1065 3339 αανιοδὺναμοι,
1085 3266 1155 3318 siout
1173 3267 1252 3318 etiem
1270 3266 1412 3320 θόλαοσα

309 3334 339 3385 iu
358 3332 484 3388 δόλαττα
500 3343 625 3388 mutetur.
667 3338 737 3389 risus
762 3339 845 3406 igitur
870 3339 904 3390 sd
928 3337 996 3390 haec
1022 3337 1141 3390 sublatus
1171 3345 1212 3389 est
1228 3352 1354 3406 magnus,
1373 3339 1411 3389 ita

310 3413 341 3457 ut
358 3421 394 3456 ne
411 3407 471 3472 ipse
490 3407 595 3474 quidem
615 3408 748 3476 Gregorus
774 3410 913 3462 continere
943 3427 973 3462 se
1001 3417 1094 3476 posset
1120 3423 1268 3477 quanquam
1297 3409 1410 3460 multum

311 3491 411 3545 operae
432 3478 505 3530 dedit
520 3493 559 3534 ne,
577 3480 667 3532 ridens
685 3481 902 3547 conspiceretur,
929 3480 1062 3549 simulque
1090 3487 1182 3531 tacere
1200 3487 1311 3546 propter
1331 3481 1410 3547 ospi-

309 3550 344 3600 tis
360 3549 467 3602 dolores
485 3550 594 3602 studuit.
630 3551 677 3603 scd
696 3550 815 3604 Priamus
836 3553 917 3604 risum
936 3554 1108 3620 exstinguere
1132 3559 1242 3603 conatus
1259 3553 1287 3601 in
1306 3552 1410 3617 priori-

309 3619 359 3673 ltus
378 3621 537 3692 inhaerebat
554 3621 739 3687 sermonibus,
765 3631 791 3675 et
816 3638 907 3676 rursus
935 3625 997 3675 inde
1019 3638 1095 3675 orsus
1116 3631 1164 3674 est.
1202 3621 1291 3686 uliud,
1310 3624 1408 3690 iuquit,
1497 3643 1498 3678 3

311 3708 372 3744 esse
390 3695 417 3745 id
435 3694 506 3762 quod
526 3693 615 3758 habet,
635 3692 708 3745 uliud
726 3695 753 3746 id
773 3695 844 3762 quod
862 3693 988 3759 habetur,
1013 3693 1175 3762 intelligitur
1190 3694 1268 3744 etium
1288 3709 1303 3744 e
1322 3694 1408 3745 suncti

308 3762 415 3816 tlrximi
434 3765 521 3818 dioto:
541 3767 607 3818 (leus
627 3766 736 3833 quidem
751 3783 781 3818 se
802 3768 942 3834 cognoscit
961 3783 994 3818 ex
1014 3767 1130 3818 essentis
1154 3781 1202 3816 suu
1220 3764 1318 3816 beatu:
1340 3779 1409 3833 quse

309 3841 398 3884 autern
416 3835 450 3887 ub
472 3852 503 3889 eo
526 3837 675 3890 fecurunt
693 3853 726 3888 ex
749 3838 806 3909 eius
825 3838 955 3904 snpientia
981 3853 1032 3906 que
1055 3844 1082 3888 et
1100 3837 1128 3888 in
1147 3853 1200 3905 qua
1217 3836 1347 3888 universo
1365 3837 1409 3886 le.
1497 3869 1498 3892 2

311 3905 358 3956 cit.
394 3904 463 3957 alius
482 3908 564 3975 igitur
589 3916 629 3960 cst
653 3909 733 3972 deus,
760 3909 813 3960 alio
838 3911 970 3975 supientia
995 3911 1052 3961 eius
1079 3916 1203 3975 tunquam
1230 3906 1351 3960 habitum
1381 3914 1409 3957 et
1497 3913 1498 3940 ³

311 3976 496 4029 inessentiale.
534 3979 566 4030 ad
583 3979 651 4030 hoec
663 3979 796 4047 Gregorns
811 3988 840 4031 ut
858 3981 949 4032 divino
968 3981 1078 4032 numine
1099 3979 1209 4032 solutus
1230 3979 1409 4030 exclamante

310 4062 402 4101 nonno
421 4062 513 4101 ornnes
535 4050 651 4113 ruditis,
677 4052 722 4118 qui
751 4066 833 4102 verae
863 4051 993 4104 lonnulae
1019 4053 1080 4104 fidei
1106 4053 1171 4103 estis
1198 4051 1327 4114 studiosi,
1349 4065 1410 4100 eum

308 4129 403 4189 aperte
421 4119 520 4172 tollere
536 4121 605 4187 pium
621 4121 720 4175 Christi
740 4121 881 4174 ecclesium
899 4123 978 4176 simul
998 4140 1056 4175 cum
1070 4120 1220 4192 evangeliis
1240 4129 1267 4172 et
1285 4121 1411 4173 omnibus

308 4200 413 4266 pttrutu
433 4192 583 4250 divinorum
602 4193 754 4264 scripturis,
779 4201 805 4246 et
821 4193 1006 4250 dicereliliuru
1029 4204 1055 4252 et
1074 4197 1205 4249 rationem
1221 4193 1265 4248 dei
1284 4192 1411 4247 diversor
