3017 4759
212 262 436 332 msuonmu
457 256 718 372 summissu
735 261 832 328 xxx.
856 239 1042 326 54-56.
1100 254 1176 328 ουτ

82 449 169 512 νηιος
191 425 208 490 ὅ
230 427 374 512 γεννητὸς
395 426 544 497 nonduin*
564 421 658 491 πάνθ’
685 420 809 510 ὁμοίως,
829 419 890 488 ὅσα
912 420 1071 508 λη’πυυθεν
1092 423 1181 487 οἶνοί-
1230 437 1239 482 ’,

83 552 196 607 κειται,
219 529 334 610 γνῶσις
356 528 472 612 sat-pt
495 531 630 611 γνῶσις,
664 523 798 607 δύναμίς
830 523 941 588 τεκαί
968 522 1012 606 μη
1038 524 1182 604 δύναμις,

19 644 23 648 ’
84 632 138 694 καί
158 629 248 712 τάγε
269 629 371 714 (λη’που
395 628 604 719 παραπλήσια
626 631 691 691 τοῖν
725 623 854 693 α’τόπυνν
876 629 931 707 τῆς
954 624 1099 706 ἀσεβείας
1121 624 1181 712 ῥη-

81 729 201 812 μάτων.
245 727 293 796 ὅτι
326 735 360 798 δὲ
389 733 650 815 καταχρηστικῶς
671 727 713 818 ,τό
746 724 833 809 ἔχειν
863 729 919 792 ἐπί
942 730 1023 791 θεοῦ
1047 731 1180 810 λέγεται,

55 834 220 898 odelonem
246 835 303 898 νῦν
328 838 382 897 καί
402 833 418 898 ὅ
441 838 528 950 θεῖρς
550 830 789 953 Χρυσόστομος,
812 826 966 912 λέγων(Ην
948 852 1023 893 οταν
1044 829 1183 917 α’κούσης

84 927 130 997 ὅτι
152 930 258 1017 οἵσπερ
277 934 293 1000 ὁ
315 932 419 1020 πατὴρ
444 931 592 1022 ἐνὲαυτρν
579 931 740 1018 insist
722 957 810 1018 εχει,
832 929 929 1008 οὕτως
951 931 1048 997 ἔδωκε
1072 958 1123 997 και
1142 936 1184 1022 τῷ

82 1032 143 1122 υἱαῖ
169 1033 296 1120 ζωην”
270 1061 362 1120 ,εχειν
389 1037 443 1100 καί
467 1035 613 1115 ἐξουσίαν
635 1033 734 1117 ἔχειν,
765 1036 809 1118 μη
832 1034 982 1099 σύνθεσιν
1004 1033 1182 1121 ὑπολάβης·

82 1138 158 1219 μηδ’
180 1132 257 1204 ὅταν
279 1136 419 1224 α’κοιῖσης
441 1132 487 1201 ὅτι
510 1140 544 1201 ἑν
563 1139 651 1222 ου’τρῖ
675 1135 739 1220 ζυιη
766 1129 818 1218 ἦν,
842 1127 971 1223 νομίσῃς
992 1131 1041 1200 ὅτι
1064 1134 1184 1200 ου’νθε-

82 1261 135 1314 τος
155 1230 208 1321 ἦν·
253 1235 373 1322 προϊοόν
392 1234 454 1320 γὰρ
476 1241 575 1322 φησίν
596 1234 657 1318 tyni
679 1238 746 1318 εἰμι
766 1237 785 1320 ἦ
809 1237 902 1320 ζυνη.”
926 1233 1006 1302 υῗστε
1026 1261 1084 1302 σου
1106 1241 1250 1318 pion-56

36 1334 268 1424 1οκηματαὶιλης
295 1338 315 1421 ἦ
344 1337 443 1423 σοφία
467 1339 632 1402 κυίνταῦθυ
656 1337 895 1424 ἀναπέφανται,
917 1339 1053 1419 λέγουσα
1077 1365 1183 1423 παρα·

82 1442 222 1523 πλησίας
252 1437 397 1520 καθάπερ
424 1438 479 1502 ε’πί
507 1434 683 1521 ἀνθρώπου
714 1436 769 1502 καί
800 1441 913 1518 λιθου,
945 1431 1028 1502 οὕτω
1051 1445 1106 1503 καί
1127 1441 1184 1504 τοῦ

80 1542 161 1603 θεοῦ
181 1538 236 1622 την
259 1539 373 1604 ουσίαν
393 1536 474 1620 μετὰ
496 1539 559 1602 τῶν
579 1540 726 1623 pontesia
746 1538 821 1622 περί
845 1538 944 1621 αὐτὴν
967 1539 1091 1606 πάντων
1105 1545 1305 1604 oui-Mida.

83 1638 307 1721 λαμβάνεσθαι
340 1649 405 1714 τοῖς
438 1637 605 1730 ὁρίζεσθαι
628 1642 780 1703 θέλουσι·
834 1636 868 1700 τὸ
892 1637 954 1722 γάρ
978 1641 1012 1704 ἐκ
1034 1640 1185 1707 τοιούτων

83 1730 287 1823 συγκείμενον
310 1739 427 1824 ἀμερὲς
448 1743 505 1803 οιίκ
528 1730 568 1802 ι’ἷν
590 1737 657 1823 εἴη,
680 1741 751 1803 ov’d’
773 1735 903 1820 ἁπλοῦν,
926 1739 1004 1804 α’λλὰ
1026 1739 1185 1824 σύνθετον,

37 1851 73 1903 15
83 1841 141 1917 uui}
164 1832 208 1904 ὧν
231 1844 415 1905 συντίθεται
437 1835 662 1921 μεριζόμενονι
683 1921 692 1927 .
715 1838 732 1903 ὁ
754 1842 790 1904 δὲ
814 1843 853 1928 τῇ
874 1841 993 1925 α’μερεϊ
1010 1846 1109 1931 ἐκείνη
1133 1847 1188 1908 καί

11 1992 20 1999 .
83 1947 158 2028 θείρι
188 1939 287 2026 φύσει
320 1945 527 2025 προστιθέναι
546 1940 757 2022 πειρώμενος,
779 1932 801 2028 ᾗ
821 1939 917 2028 φύσει
939 1940 1088 2027 πρόσεστι
1108 1945 1183 2027 μήτ’
1225 1948 1241 1956 ’“

83 2036 238 2120 αὔξεσθαι
259 2041 338 2129 μήτε
354 2048 538 2124 μειοῦσθαι,
561 2046 687 2126 λέληθε,
706 2040 790 2125 τόγε
815 2035 888 2125 ἧκον
908 2047 953 2121 είς
968 2043 1075 2124 ου’τόν,
1089 2048 1183 2110 ἐλατ-

82 2145 147 2207 τῶν
166 2145 288 2230 μὲν-τῇ
310 2142 476 2231 προσθήκῃ
509 2140 566 2224 την
601 2147 658 2226 τῆς
682 2142 808 2228 φύσεως
843 2143 1000 2224 δύναμιν,
1028 2141 1134 2225 αὔξειν
1154 2153 1182 2210 d'

81 2237 196 2325 ἥκιστα
218 2234 343 2308 πάντων
359 2242 543 2324 δυνάμενος,
568 2239 589 2325 ἢ
610 2247 770 2326 μηδεμιᾶς
793 2237 859 2308 οὔτ’
874 2245 990 2331 ἐδεήθη
1012 2249 1087 2310 ποτὲ
1111 2243 1182 2312 οὔτε

32 2363 73 2418 20
83 2343 228 2428 δεήσεται
250 2343 433 2429 προσθήκης
465 2339 487 2428 ἢ
509 2343 718 2430 ὖφαιρέσεως,
743 2341 871 2421 οὐδενὸς
900 2339 987 2422 ὄντος
1007 2338 1047 2411 οὗ
1070 2344 1182 2430 δεησο-

82 2449 137 2510 τοιί
155 2449 220 2510 ποτ’
242 2446 321 2531 αὕτη
346 2449 510 2532 πληροῦσα
533 2445 571 2510 τοὶ
599 2445 704 2511 πάντα
727 2449 781 2512 καί
801 2451 901 2534 μηδὲν
924 2447 1014 2524 ἐκιός
1037 2451 1124 2515 ἐοῖσα
1144 2450 1178 2516 τὸ

82 2543 245 2632 παράπαν.
1171 2563 1172 2568 ’

84 2809 179 2882 quibus
199 2811 369 2875 aeciderunt3
400 2811 442 2865 sin
471 2820 557 2866 autem
587 2802 650 2867 esse
665 2821 769 2880 potest,
798 2815 849 2866 orit
872 2821 1016 2883 generatas
1036 2815 1178 2885 aliquando

84 2886 162 2936 etism
192 2899 246 2936 uon
273 2891 431 2953 generatus,
462 2892 489 2935 ct
507 2887 595 2937 omnia
624 2885 705 2937 eimiii
726 2887 835 2938 natione
863 2902 1036 2964 quaecunque
1056 2892 1180 2972 opposita

84 2965 153 3020 sunt,
175 2957 294 3040 cognitio
314 2963 340 3006 et
359 2971 427 3023 quae
446 2970 499 3006 non
520 2964 561 3007 est
580 2959 715 3042 cognitio,
735 2959 777 3009 vis
804 2965 830 3008 et
850 2973 922 3025 quae
941 2965 1054 3008 estnon
1072 2961 1132 3023 vis,
1153 2967 1180 3010 et

84 3044 152 3096 quae
172 3015 269 3078 similia
289 3035 351 3081 sunt
370 3042 403 3077 ex
421 3028 520 3093 ineptis
538 3029 682 3096 impietatis
703 3029 802 3082 verbis.
848 3029 993 3094 improprie
1018 3037 1106 3079 nutem
1128 3032 1178 3081 ha.

82 3100 149 3151 bere
174 3100 208 3150 de
227 3098 276 3148 deo
295 3098 347 3148 diei
373 3099 535 3150 demonstrat
558 3115 629 3151 nunc
656 3101 733 3152 etiam
752 3101 860 3152 divinus
886 3099 1107 3166 Chrysostomus,
1135 3102 1179 3153 di-

85 3185 170 3222 cens:
197 3185 255 3222 cum
274 3170 364 3220 audias
385 3178 485 3236 patrem
504 3171 574 3222 sicut
592 3173 619 3223 in
641 3188 671 3223 se
692 3171 788 3222 habeat
816 3172 895 3222 vitam
914 3172 951 3222 ita
970 3172 1076 3223 dedisse
1097 3174 1176 3224 ctiam

83 3244 140 3294 filio
161 3249 189 3293 ut
208 3242 288 3292 vitam
308 3241 405 3294 habeat
424 3250 450 3294 et
469 3232 620 3294 iacuitsitem
642 3243 751 3307 habeat,
773 3257 824 3293 ne
837 3244 982 3310 suspiceris
1002 3246 1178 3310 compositio-

82 3330 153 3376 nem,
175 3329 246 3364 ποια
266 3329 323 3364 cum
343 3314 466 3365 audias'
459 3330 486 3364 ιπ
513 3319 545 3364 eo
565 3315 649 3364 inisse
675 3314 757 3365 vitam
777 3314 894 3380 opineris
924 3317 1097 3382 compositum
1119 3333 1178 3368 eum

83 3387 177 3448 inisse,
196 3377 371 3469 prossrediens
391 3386 460 3436 enim
486 3387 538 3449 ait,
559 3400 611 3452 ego
628 3400 685 3435 sum
705 3387 775 3449 vita3
802 3387 839 3436 tta
856 3394 886 3437 ut
903 3385 979 3437 bruta
1002 3388 1060 3438 visa
1079 3389 1114 3440 stt
1131 3405 1177 3440 sa

83 3458 186 3524 pientia
203 3464 249 3507 tua
269 3456 348 3507 etiam
367 3457 531 3520 hic,diceus
544 3456 625 3509 simili
643 3457 746 3507 ratione
760 3423 839 3525 sitque
858 3458 885 3508 in
906 3445 1013 3509 homine
1033 3467 1060 3510 ct
1078 3459 1177 3528 lapide,
1216 3523 1218 3528 y

84 3530 121 3579 ita
140 3529 218 3576 etiam
238 3528 281 3578 dei
301 3530 443 3580 essentiam
470 3545 529 3580 cum
549 3529 601 3592 iis,
629 3543 698 3596 quae
717 3545 732 3580 a
751 3535 844 3580 natura
869 3531 895 3581 in
922 3546 952 3580 ea
974 3531 1036 3594 sint,
1056 3532 1178 3582 omuibus

85 3597 274 3663 comprehendi
292 3599 361 3650 ab'
354 3601 388 3650 iis
409 3602 454 3668 qui
479 3616 536 3651 eam
562 3599 674 3651 definire
698 3600 794 3652 velint.
839 3603 914 3668 quod
938 3602 1007 3652 enim
1029 3602 1178 3653 extalibus

84 3675 197 3730 constat,
218 3682 271 3718 nou
292 3678 332 3720 est
351 3672 510 3722 indivisum:
534 3687 624 3739 nequo
648 3672 779 3756 simplex,
811 3673 857 3724 sed
879 3669 1071 3738 compositum:
1102 3673 1180 3730 etiis

85 3757 118 3793 ex
144 3738 239 3806 quibus
262 3743 429 3808 componitur
454 3744 586 3807 divisum,
613 3745 658 3810 qui
679 3752 768 3795 autem
794 3745 927 3796 indivisae
952 3741 994 3792 iiii
1027 3749 1054 3793 et
1073 3743 1179 3795 divinae

83 3820 194 3864 naturae
215 3810 333 3861 adiicere
351 3812 452 3880 aliquid
472 3822 595 3879 conatur,
615 3816 657 3865 cui
677 3831 693 3867 a
712 3824 806 3867 natura
826 3815 962 3882 proprium
985 3821 1026 3864 cst
1043 3823 1072 3866 nt
1091 3831 1180 3884 neque

84 3890 214 3951 augeatur
233 3896 321 3948 neque
340 3883 490 3949 minantur,
516 3901 575 3935 cum
596 3883 670 3970 fugit
689 3887 761 3951 hoc,
782 3887 852 3954 quod
871 3886 912 3936 iiii
933 3886 1043 3937 accedat
1059 3889 1181 3939 minuere
1207 3918 1212 3930 s

82 3955 369 4006 accessionenaturue
389 3955 461 4018 vim,
490 3972 548 4006 cnm
569 3958 676 4008 minime
701 3961 786 4025 possit
805 3973 905 4041 augere
925 3971 997 4022 eam,
1018 3973 1086 4025 quae
1106 3959 1182 4010 nulia

82 4027 172 4094 περιτο
191 4026 306 4094 indiguit
330 4039 445 4092 υπρυππν
475 4041 565 4094 περιτο
589 4028 721 4096 indigebit
748 4031 906 4080 accessione
933 4036 978 4079 ant
1005 4031 1188 4092 detractiones

84 4114 144 4148 cum
165 4096 234 4148 nihii
256 4097 370 4148 futurum
390 4097 434 4159 sit,
453 4111 506 4163 qno
525 4098 645 4165 indigeat
663 4115 777 4170 unquam
789 4101 862 4151 illa
855 4115 913 4168 ipsa
925 4099 1040 4168 implens
1055 4104 1183 4155 universa

82 4185 173 4240 neque
193 4170 301 4221 omnino
320 4169 462 4239 quidquam
481 4177 603 4223 extruso
630 4185 689 4223 esse
711 4174 811 4225 sinens
