3017 4759
239 264 459 332 meror-riu
485 263 742 332 uuztrurrtiu
762 217 902 332 xuxrn.
917 247 1075 333 e-te.
1131 243 1208 334 409

108 431 230 524 ρίστως
249 433 306 499 ἕνα
327 430 475 517 καθάπερ
497 428 551 496 τόν
579 427 668 516 ἥλιον
690 429 818 507 άκτῖνας
843 431 902 515 μὲν
923 427 1045 508 πολλαὶς
1061 433 1167 517 προτί
1191 473 1208 486 -

107 558 212 602 ποντα
242 523 376 620 μένοντα
398 535 428 598 δ’
451 535 484 598 ἐν
512 538 553 622 τῇ
575 527 704 621 ἓνότητι.
748 533 909 622 ὅτανγὰρ
937 537 970 612 ἐς
989 536 1046 619 τὴν
1067 538 1209 620 προβλη-

108 634 201 720 τικην
225 634 456 720 ἀποσκοπῶμεν
478 635 610 720 δύναμιν
629 640 686 701 τοῦ
708 636 812 722 ἡλίου,
835 637 999 721 μονοειδὲς
1020 636 1076 700 καί
1092 629 1211 716 ceruice

109 735 147 802 τό
169 739 231 805 τῶν
261 735 394 803 άκτίνων
423 736 707 821 καταλαμβάνομεν
740 741 882 823 πλῆθος·
933 734 1009 804 όταν
1039 738 1067 802 δ’
1092 739 1138 812 εἰς
1156 733 1211 819 την

15 881 21 894 ·
82 838 321 923 δάστάθμητον
342 837 397 919 καί
415 835 567 925 μεριστὴν
587 833 748 904 ’ποικιλίαν
770 842 826 924 τῆς
835 841 892 904 τοῦ
913 839 1035 921 κόσμου
1049 837 1211 924 γενέσεως,

110 938 170 1017 τὰς
194 940 321 1016 άκτῖνας
342 940 556 1022 ἐκτεινομένας
578 937 679 1006 οἱονεί
692 964 781 1016 τινας
800 948 916 1028 χεῖρας
937 936 1105 1027 ἐργατικάς
1123 936 1158 1003 τό
1179 938 1223 1002 τε“
1307 941 1325 980 -'
1445 1024 1451 1030 ἰ

109 1044 170 1126 τῆς
193 1041 405 1126 ἀριθμητικῆς
426 1042 600 1126 ἐπιστήμης
623 1041 872 1126 άναλισκομὲνης
895 1043 935 1107 δι’
952 1040 1099 1125 άποριάν,
1119 1039 1156 1103 τό
1178 1030 1330 1104 Sus-1⁶4¹·

111 1143 160 1217 εἰς
182 1141 398 1227 ἀναριδμηιον
421 1146 545 1226 πλῆθος
566 1143 755 1226 σχιζόμενόν
775 1166 809 1208 τε
831 1141 887 1209 καί
906 1142 1115 1229 μεριζόμενον
1135 1140 1211 1225 βλέ-

111 1267 224 1328 πομεν.
274 1241 355 1310 οότω
378 1245 417 1330 δὴ
437 1246 517 1312 κάπό
537 1249 593 1332 τῆς
610 1251 722 1331 ψυχῆς
743 1249 799 1312 καί
825 1249 889 1311 τῶν
908 1246 1023 1330 ταότης
1045 1242 1212 1327 δυνάμεων
1221 1251 1277 1305 11

64 1354 102 1409 10
112 1346 170 1411 καί
189 1342 282 1430 ἡμεῖς
302 1348 454 1424 τοιούτοις
474 1347 635 1434 χρώμεθα
657 1347 936 1434 παραδείγμασιν,
960 1347 1059 1412 ἐνίοτε
1079 1346 1139 1430 μὲν
1158 1341 1213 1409 τόν

111 1445 224 1531 ὅμοιον
244 1446 371 1533 τρόπον,
393 1448 490 1514 ε’νίοτε
512 1450 547 1514 δὲ
568 1449 623 1514 τόν
647 1449 875 1535 όντιστροφον·
922 1449 1011 1513 δυοῖν
1031 1445 1094 1533 γάρ
1114 1445 1212 1532 όρχά-

110 1572 176 1614 νων
196 1541 294 1614 όντων
316 1549 364 1636 τῷ
384 1551 440 1634 τῆς
462 1554 574 1635 ψυχῆς
597 1549 762 1637 όφδαλμῶ
780 1552 827 1637 τῷ
846 1552 894 1638 νηΐ
918 1547 999 1633 πρός
1017 1551 1134 1633 γνῶσιν
1150 1549 1214 1612 τῶν
1311 1595 1316 1602 -

113 1651 278 1738 αἰσθητῶν
298 1651 514 1737 πραγμάτων,
546 1655 603 1736 τῆς
630 1675 664 1718 τε
685 1653 869 1737 αἰσθήσεως
891 1649 959 1734 ἅμα
980 1650 1036 1718 καί
1060 1640 1213 1727 διανοίας,
1264 1635 1268 1650 ’

113 1752 148 1816 ἐκ
168 1750 288 1817 τοότων
310 1749 397 1846 αὐτῷ
418 1749 474 1835 τὴν
503 1753 678 1838 ἐπιστήμην
709 1751 760 1818 ἀεὶ
789 1751 1069 1836 συσκεύαζομόνην
1088 1748 1214 1838 δρῶμεν

67 1859 102 1914 15
112 1851 173 1930 κάξ
198 1852 327 1927 ότιλοός
352 1852 513 1933 διχονοίας
543 1855 587 1930 εἷς
608 1852 760 1938 όμόνοιαν
783 1857 918 1941 συγγενῆ
939 1853 1135 1930 συνιοῦσαν,
1158 1853 1215 1936 τῆς

111 1954 172 2038 μὲν
193 1952 391 2038 άναλήψεσιν
407 1951 692 2043 ὅλοσχερεστὲραις
706 1955 827 2035 ἔξωθεν
841 1956 1032 2042 εἶσαχοόσης
1044 1954 1103 2032 τάς
1125 1953 1213 2040 πριό-

111 2079 170 2131 τας
194 2053 316 2140 άρχάς,
350 2057 384 2120 ἐκ
416 2058 473 2140 τῆς
503 2060 567 2122 τῶν
589 2059 751 2145 αἰσθητῶν
783 2056 1074 2145 συμπεφορημένης
1102 2077 1137 2120 τε
1157 2055 1214 2121 κατ’

117 2158 270 2241 διηνεκῶς
288 2157 568 2243 μεταβαλλομένης
601 2159 820 2245 πολυφωνίας,
841 2161 898 2242 τῆς
930 2158 965 2222 δὲ
984 2155 1212 2243 παραδεχομέ-

113 2279 168 2341 νης
188 2279 222 2321 τε
243 2257 299 2321 καί
321 2257 596 2344 παραπεμπούσης
628 2261 673 2336 εἰς
700 2259 735 2324 ἓν
768 2258 993 2343 ἀκριβέστερον
1012 2256 1213 2337 ἐπισκέψεως

70 2373 106 2428 20
114 2359 321 2444 ἐργαστήριον
347 2355 402 2424 τόν
425 2361 519 2437 νοῶν,
550 2360 606 2426 καὶ
629 2361 893 2445 άναχωνευοάσης
914 2360 984 2424 ἐκεῖ
1000 2356 1081 2444 πρός
1100 2358 1212 2440 ἐμπει-

116 2459 188 2545 ρίας
219 2455 369 2541 όμόνοιάν
399 2484 433 2526 τε
462 2461 519 2527 καί
551 2455 689 2548 ἑνότητα.
734 2453 780 2539 οἷς
809 2461 872 2548 γάρ
903 2454 1047 2546 ἑτερότης
1068 2458 1212 2544 πάρεστι,

113 2558 229 2624 τούτων
252 2555 362 2626 ἄπεστι
383 2561 540 2649 σαφῶςίῆ
562 2559 712 2647 ὁμόνοια·
758 2554 806 2639 οἷς
828 2563 863 2628 δὲ
881 2560 937 2647 μή,
957 2559 1086 2644 τούτοις,
1102 2556 1214 2622 δὲκαὶ

186 2727 228 2784 18.
246 2731 444 2804 αολυφυνίαιι
464 2731 495 2789 G.

114 2918 194 2956 uuum
210 2917 319 2954 ruruere
345 2910 375 2954 ut
402 2902 487 2956 uelem
506 2903 552 2972 qui
577 2917 732 2972 quemquam
764 2901 861 2955 multoe
883 2901 1000 2956 ciiuudut
1016 2900 1106 2954 rudior
1124 2905 1214 2953 umen

113 2981 218 3027 mruett
237 2975 266 3025 iu
285 2973 396 3025 uuitute.
435 2989 514 3043 quum
534 2975 603 3027 euim
623 2974 689 3027 eolis
717 2973 772 3027 vim
794 2989 862 3042 quue
889 2973 1000 3025 eiiuudit
1018 2972 1107 3024 rudior
1122 2971 1214 3038 rcrpi.

116 3046 213 3108 cimus,
244 3051 327 3096 totum
345 3043 446 3112 aliquid
474 3052 501 3097 et
519 3061 600 3097 uuum
626 3060 686 3098 eree
716 3045 788 3113 quud
807 3045 895 3096 rudior
920 3046 999 3096 iure
1020 3041 1214 3108 complectatur

116 3117 244 3179 dicemue3
263 3115 305 3166 eiu
324 3123 412 3168 eutem
433 3131 527 3185 rugum
540 3125 567 3168 et
584 3115 773 3185 particularem
792 3112 859 3167 eclie
875 3115 904 3167 iu
923 3115 1020 3168 mundo
1040 3113 1213 3167 efficientium

14 3231 15 3238 ,
115 3191 273 3255 epectumue,
293 3187 380 3239 radice
400 3191 445 3256 qui
466 3187 633 3241 effunduntur
652 3196 777 3256 tunquum
796 3201 888 3238 mtuur
910 3188 1046 3254 eperuriut
1067 3185 1099 3238 ud
1117 3201 1214 3236 nume.

115 3274 170 3311 rum
188 3257 336 3310 referemus
356 3267 467 3327 prepter
493 3260 610 3327 inopium
631 3266 748 3310 ucrtrrm
773 3265 800 3309 et
826 3273 906 3309 uuum
928 3257 996 3311 iilud
1022 3257 1094 3326 quud
1111 3257 1144 3309 ud
1159 3271 1215 3309 uu.

115 3344 213 3381 merum
231 3319 327 3381 referri
350 3332 458 3398 proprie
480 3345 534 3382 uon
553 3338 643 3398 poteri
661 3329 797 3383 dividuum
821 3327 923 3398 aliquid
942 3337 970 3381 ct
986 3330 1014 3381 iu
1033 3335 1123 3396 purter
1141 3329 1215 3382 diri-

116 3415 171 3454 rum
190 3400 349 3467 putabimur.
387 3402 426 3455 uic
447 3402 479 3455 dc
499 3403 585 3455 uuimt
603 3408 695 3454 nostru
714 3402 773 3452 ciue
792 3416 827 3452 uc
853 3399 1024 3453 facultatibus
1038 3413 1090 3453 uer
1107 3413 1215 3468 quoque
1328 3443 1332 3451 ,

116 3471 265 3524 huiuamodi
284 3472 414 3540 exemplis
432 3474 541 3539 utimur,
558 3473 690 3527 interdum
703 3472 735 3524 ud
753 3417 883 3524 τῶὶοοεω
902 3479 1110 3525 conuenturum
1128 3472 1215 3522 iuter.

117 3545 174 3596 duur
193 3541 226 3593 ud
248 3545 415 3598 centrarium.
433 3559 491 3598 rum
512 3560 592 3614 quum
613 3545 665 3597 duc
685 3558 786 3612 crptue
797 3544 879 3595 enimi
899 3544 984 3596 uurtri
1004 3541 1111 3606 cculur,
1129 3555 1215 3606 meur,

117 3613 230 3667 hebuerit
249 3615 282 3668 ud
301 3630 345 3667 ree
364 3624 488 3669 exterret
501 3615 702 3686 cognoscendae
721 3630 828 3667 cerrum
847 3624 874 3666 ct
886 3616 1017 3667 ruticucru
1035 3613 1078 3664 hie
1095 3613 1121 3664 ei
1141 3627 1214 3665 ecm-

118 3701 163 3754 per
180 3687 269 3754 peruri
280 3687 399 3740 videmur
413 3689 551 3741 scientium
564 3702 675 3756 eumque
692 3703 725 3738 ex
739 3686 896 3754 imperfecto
909 3685 1069 3737 dirreuruiu
1087 3683 1215 3736 uuituteru

120 3765 145 3810 ct
161 3771 318 3812 ccueeurum
333 3766 483 3811 coeuntem.
506 3758 590 3812 ulteru
606 3759 676 3810 euiru
690 3759 735 3810 viu
751 3759 917 3810 extrincecus
930 3757 1032 3822 primuc
1044 3770 1135 3808 rerum
1146 3755 1216 3807 imt-

120 3829 195 3898 giner
214 3836 349 3896 petuntur,
371 3831 410 3881 itu
430 3829 536 3896 quidem
554 3837 583 3882 ut
604 3828 794 3896 contemplatio
822 3828 951 3893 rer‘iperr
967 3825 1062 3893 pleuur
1081 3828 1217 3894 concipiat

121 3915 261 3967 eurumque
282 3901 308 3950 iu
330 3900 460 3951 verietate
486 3901 562 3952 eistat
586 3907 614 3952 ct
632 3901 759 3952 contiuuo
787 3896 943 3950 contrahutr
970 3897 1156 3950 uitcruuutem
1171 3899 1216 3950 vit

121 3978 146 4024 et
163 3970 259 4037 recipit
280 3969 472 4036 contemplatio
493 3978 520 4021 et
540 3972 666 4023 tuturicrt
686 3986 728 4024 τοι
752 3971 784 4022 ud
802 3983 882 4021 uuum
903 3969 963 4021 dico
984 3969 1127 4022 firmiorem
1146 3983 1216 4036 cpe.

120 4043 245 4095 tutionem
268 4041 374 4102 incutis,
392 4040 483 4109 ibique
500 4043 625 4110 recoquit
643 4041 675 4092 ud
694 4057 782 4093 rerum
804 4055 962 4093 cuueeuuuru
982 4048 1008 4093 et
1025 4042 1153 4092 unitatem
1172 4039 1216 4091 ei.

121 4113 266 4166 iciendum.
304 4111 400 4180 quibus
417 4119 506 4164 tutem
525 4113 658 4165 contrarie
685 4113 776 4166 iurum
806 4126 869 4165 etue
890 4126 1036 4164 ccureueur
1053 4109 1103 4163 ilie
1122 4111 1216 4175 decet,

121 4183 213 4256 quitur
230 4197 295 4250 τοι,
314 4181 356 4238 hir
374 4181 503 4240 iucitliue
519 4197 626 4256 quoque
639 4197 787 4249 cupreueue
803 4182 901 4240 evruic
919 4184 965 4255 qui
979 4182 1049 4241 bcue
1066 4180 1133 4252 eutii
1149 4181 1218 4238 illut
