3017 4759
254 181 475 255 msromsn
502 163 1118 252 murmurandi-65.
1178 174 1253 249 oro

153 356 227 433 xm
247 350 303 413 καί
322 351 401 413 πόσι
422 343 550 429 τρόποις
580 340 640 427 τήν
664 347 722 409 τοῦ
751 346 904 422 ποιμνίου
930 345 1033 426 ζητεῖν
1055 337 1255 423 εάζωίλιν,δ

157 452 186 515 δ’
216 452 262 525 εἰς
290 446 535 527 κακοδαιμονίας
576 444 814 529 ἀνυπερβλήτου
849 436 1061 524 μετεσκεόασε
1094 442 1254 530 πρόφασιν

155 547 215 633 τήν
235 546 446 633 ποιμαντικήν
467 549 672 629 δεσποτείαν,
693 550 750 611 καί
777 544 848 611 οὐδ’
868 546 1003 611 αἰδεῖται
1027 544 1086 621 τός
1104 550 1159 631 τής
1181 547 1256 613 οἶδε’·-

154 676 213 717 κου
234 654 346 736 ψυχῆς
360 652 501 714 όκλαλαόν
516 650 716 733 ἀπορρήτους
730 651 860 726 ω’δίνας,
876 647 957 712 ἀλλὰ
979 647 1034 712 καί
1048 648 1138 733 δόξης
1155 647 1256 731 sinep-

129 750 253 835 θβολήν
277 748 398 816 ἑαυτοῦ
420 748 478 825 τός
495 749 663 830 Ῥωμαίων
683 748 855 835 ήμοόμενος
876 745 1049 832 συμφορδς
1072 746 1255 833 δημοσιεόει

156 851 211 917 καί
230 838 434 936 trauexerat.
478 846 563 931 ὅμως
584 847 731 933 καθάπερ
751 850 848 914 οάδὲν
876 846 984 915 καινόν
1007 850 1076 915 oo'd’
1099 850 1321 915 ‹isoe'aerosM

155 953 342 1037 ἀνδροφόνῳ
363 954 500 1033 μυρίους
515 948 640 1030 ἀνόμως
661 951 852 1034 ἀνθρώπους
874 944 1081 1035 πεφονευκότι
1102 953 1158 1013 καί
1177 970 1257 1031 πορ-

157 1055 242 1127 νείας
263 1051 393 1137 ἀλαόναι,
416 1044 517 1127 οότας
540 1053 633 1117 ου’δδν
654 1052 730 1118 ου’δὲ
752 1050 855 1140 τνότρι
876 1052 1001 1130 καινόν,
1030 1053 1180 1129 καθάπαξ
1201 1054 1257 1117 τοῦ

154 1151 360 1236 πεποιηκότος
382 1148 580 1235 ἀπερρωγόει
602 1155 680 1217 θεοῦ
702 1151 757 1216 καί
776 1150 835 1236 τήν
865 1152 1000 1237 πότριον
1035 1152 1288 1240 ίξομοοαμόνηί.
1301 1160 1384 1216 117ε.

115 1255 149 1311 10
157 1247 325 1333 εόσίβειαν
345 1255 400 1317 καί
418 1260 483 1328 τοῖς
505 1257 607 1329 θείοις
627 1256 909 1341 ίμπεπαριρνηκότι
942 1250 1054 1317 κανόσι
1075 1255 1132 1316 καί
1151 1250 1258 1331 νόμοις
1312 1256 1315 1261 “

157 1357 215 1418 καί
235 1355 331 1419 πᾶσιν
350 1351 448 1438 ἱεροῖς
468 1356 571 1429 ἀδεῶς
591 1356 793 1439 ε’νυβρίοαντι
813 1356 1023 1438 μυστηρίοις,
1047 1355 1101 1417 καί
1123 1356 1156 1417 όν
1177 1354 1259 1435 ἀλη-

156 1455 272 1539 τηρίεον
306 1458 405 1543 μοίρρ
432 1461 491 1538 μής
528 1454 583 1520 καί
614 1455 778 1539 θαλάττης
809 1454 982 1541 ἁπανταχῇ
1008 1451 1083 1529 eoric
1116 1454 1259 1541 εόαιβείρ

155 1557 458 1639 συντεθραμμένους
480 1549 718 1637 διασπείραντι,
751 1553 808 1619 καί
826 1553 987 1629 παντοίοις
1017 1549 1091 1628 τοός
1114 1556 1260 1633 λειπομί·

157 1679 231 1731 νους
250 1661 479 1740 δεσμωτηρίοις
506 1655 736 1742 ἐμβεβληκότι,
759 1661 814 1721 καί
833 1662 897 1733 τοῖς
922 1654 1077 1731 εοιοότοις
1097 1656 1259 1739 irretim—

115 1761 149 1819 15
157 1762 311 1838 ιιίςεσθαι
330 1759 518 1839 ἀδικήμασι,
540 1760 630 1842 δίκην
652 1761 763 1843 σειρᾶς
786 1760 971 1843 όξημμίνοις
993 1758 1124 1844 ἐπείθου,
1144 1760 1200 1821 καί
1217 1758 1260 1849 τῷ

157 1864 212 1944 τῆς
235 1854 418 1944 ὁμοιότητος
441 1859 582 1948 ῥιπιομρό
609 1857 691 1945 πρός
712 1858 772 1943 τήν
801 1862 855 1943 τῆς
885 1858 1010 1943 πριότης
1039 1858 1150 1936 κακίας
1169 1858 1259 1945 ῥίζαν

155 1958 383 2042 ἀναπίμπουαι
401 1957 439 2025 τό
459 1965 616 2045 συγγενίς.
653 1958 694 2027 eo*
720 1963 824 2043 δόμοι
847 1963 917 2044 λίγα
936 1959 1016 2045 πρός
1037 1964 1141 2026 ταότα
1161 1959 1262 2045 τύχην

159 2063 263 2128 αἰτίαν
283 2063 340 2127 καί
358 2068 565 2147 πεπρωμένην
587 2057 707 2149 ἀνάγκη
727 2062 764 2130 τό
786 2058 935 2145 δροόμενα
958 2063 1095 2144 δρῶσαν.
1119 2067 1185 2137 πῶς
1208 2061 1263 2125 καί
1270 2073 1326 2130 tt}

158 2165 267 2242 πόθεν,
289 2156 460 2249 ἀνθρατε;
495 2157 607 2244 όμαιυν
625 2161 687 2247 reip
709 2158 750 2228 ἀν
782 2161 830 2247 εἴη
851 2158 956 2244 ὥσπερ
980 2155 1020 2225 δν
1041 2162 1138 2235 εἴτις
1158 2164 1258 2241 μέσου

114 2273 150 2330 20
156 2265 315 2346 χειμῶνος
333 2260 452 2346 γυμνός
475 2262 508 2329 όν
529 2266 702 2346 όπαίθροις
724 2267 919 2349 περινοστῶν
948 2260 1052 2327 αἰτίαν
1072 2265 1129 2327 rosi
1150 2261 1259 2349 ῥίγους

157 2369 267 2445 teron,
292 2357 407 2450 ήκιστα
431 2366 490 2448 μὲν
522 2363 580 2449 τήν
598 2361 717 2431 όαυτοό
748 2352 876 2450 γενόμην
908 2363 962 2429 καί
982 2366 1131 2448 θέλησιν,
1151 2361 1210 2447 τήν
1230 2364 1260 2425 δ’
1369 2393 1390 2427 .:

159 2465 299 2548 ἀνάγκην
319 2470 376 2549 τῆς
396 2471 612 2553 πεπρωμένης.
655 2459 676 2552 ή
698 2465 760 2551 μάρ
783 2468 842 2550 οόχ
864 2463 884 2553 ή
903 2460 1038 2531 iadorae
1062 2460 1260 2529 παντάπασιν

159 2564 390 2644 αάτοδίσποτος
410 2572 541 2653 θέλησες
557 2565 679 2657 ἑκάστῳ
693 2574 817 2653 γίνεται
830 2564 959 2635 Κλοιθοό
982 2566 1037 2632 καί
1058 2567 1260 2649 πεπρωμένη,

158 2665 327 2750 σόστοιχον
346 2668 384 2757 τῇ
405 2669 479 2758 ρ’ίζη
503 2668 632 2757 φόουσα
650 2668 686 2736 τό
707 2674 878 2757 γεάργιους
900 2666 1010 2736 ductui
1031 2692 1072 2751 με
1092 2673 1155 2734 τεόν
1176 2658 1259 2737 odeo

163 2956 278 3011 salutum
298 2958 391 3029 gregis
409 2974 549 3035 quaerere.
587 2961 636 3015 ille
656 2978 722 3016 vero
741 2963 877 3031 pastorale
904 2964 1044 3030 imperium
1062 2962 1094 3015 ad
1114 2962 1260 3030 perniciem

159 3031 314 3083 immensam
331 3026 439 3083 adhibet
456 3046 508 3083 nec
529 3041 639 3086 veretur
657 3050 692 3087 ne
701 3037 800 3103 impiae
812 3035 916 3087 animae
933 3034 1062 3087 nelaudos
1082 3034 1170 3087 loetus
1190 3034 1259 3087 edat.

160 3101 208 3153 sed
225 3100 401 3152 Romanorum
424 3103 538 3157 fortunis
557 3104 678 3157 infinitae
699 3106 825 3157 felicitati
852 3122 917 3158 suae
941 3105 1108 3158 vindicandis
1130 3104 1261 3173 gloriatur

159 3179 240 3238 atque
259 3172 383 3224 exsultat.
421 3190 578 3243 quamquam
603 3185 633 3230 ut
656 3177 723 3229 nihil
754 3192 852 3230 novum
881 3185 961 3245 atque
986 3177 1130 3229 inauditum
1162 3177 1186 3228 ei
1215 3178 1260 3245 qui

160 3242 236 3293 milia
254 3242 389 3295 bominum
409 3246 509 3298 iniusta
529 3249 612 3301 caede
629 3248 733 3312 stravit,
761 3250 838 3301 etiam
857 3246 970 3301 libidine
989 3249 1096 3313 teneri,
1115 3250 1152 3300 ita
1171 3263 1261 3317 neque

161 3313 224 3365 buic
247 3316 389 3383 quidquam
408 3332 508 3370 norum
528 3327 569 3371 eet
587 3326 617 3370 ut
635 3320 680 3387 qui
699 3320 783 3371 eemel
803 3336 818 3371 a
837 3320 887 3371 dco
901 3328 1022 3372 creatore
1042 3321 1178 3373 seiunctus
1197 3322 1259 3387 pie.

159 3393 214 3437 tate
234 3401 263 3438 se
280 3386 458 3453 abdicaverit,
478 3390 589 3442 reiectis
603 3389 701 3442 divinis
720 3391 826 3459 legibue
846 3400 924 3461 atque
944 3390 1072 3444 institutis
1092 3398 1119 3443 et
1139 3392 1260 3443 omnibus

159 3458 243 3509 saeris
262 3460 397 3525 mysteriis
419 3461 570 3513 insolenter
597 3464 737 3514 contemtis
756 3470 784 3514 et
812 3462 906 3532 quiin
931 3461 1106 3515 scelestorum
1126 3464 1259 3514 miseriam

158 3536 230 3578 terra
248 3532 368 3598 marique
394 3547 440 3583 cos
464 3534 588 3600 quicum
611 3535 711 3601 pietate
737 3533 913 3587 adoleverant
940 3534 1098 3599 disperserit
1126 3540 1153 3584 et
1169 3533 1259 3585 multis

160 3610 207 3648 eos
226 3600 271 3665 qui
289 3601 378 3654 relicti
398 3612 474 3655 erunt
492 3604 608 3656 vinculis
627 3605 810 3670 obstrinxerit,
827 3604 873 3658 vel
892 3605 1005 3674 gloriari
1024 3604 1152 3656 eiusmodi
1172 3604 1258 3655 male.

159 3668 228 3750 liciis
244 3685 317 3751 qnae
333 3674 367 3724 ad
385 3676 469 3727 instar
487 3676 558 3728 funis
578 3678 606 3727 vi
624 3678 794 3745 aequalitatis
813 3678 846 3730 ad
874 3679 975 3745 primae
994 3677 1135 3741 pravitatis
1157 3675 1256 3727 fontem

159 3754 296 3807 ingenium
315 3744 373 3795 eius
391 3746 534 3799 deducunt.
571 3756 600 3799 tu
618 3764 684 3801 vero
704 3750 747 3801 dic
766 3748 831 3800 mibi
858 3762 920 3801 num
939 3748 975 3799 slt
995 3746 1100 3799 fortune
1130 3754 1156 3800 et
1174 3746 1255 3798 latum

159 3813 313 3893 necessario
333 3829 413 3867 causa
439 3832 471 3868 ea
490 3833 558 3885 quac
588 3820 654 3872 liunt
673 3820 817 3873 elficiensl
855 3818 986 3888 quomodo
1011 3818 1126 3884 tandem,
1146 3818 1256 3872 amice?

161 3881 256 3965 sumile!
270 3889 312 3934 est
329 3900 364 3936 ac
380 3886 403 3939 si
423 3889 484 3955 quis
501 3890 588 3941 media
608 3891 698 3943 bieme
713 3894 800 3945 nudus
820 3891 869 3945 snb
888 3892 967 3943 coelo
992 3890 1130 3945 ambulans
1149 3906 1255 3944 causam

162 3954 272 4021 impona
293 3968 351 4007 non
368 3971 434 4009 suae
455 3960 554 4011 rationi
579 3976 612 4013 ac
638 3963 791 4029 voluntati,
815 3964 863 4017 sed
888 3964 943 4027 int,
966 3965 1121 4018 necessitati
1146 3963 1255 4015 tribuat.

163 4024 289 4093 proiecto
309 4027 381 4081 euim
396 4041 452 4081 non
471 4030 600 4097 cuiusque
617 4033 703 4087 libera
720 4036 845 4088 uoluntas
862 4037 961 4104 cuique
978 4035 1076 4091 Clotho
1103 4036 1133 4089 bt
1156 4043 1185 4087 et
1198 4046 1257 4087 sors

163 4101 297 4167 tuaque·
310 4114 346 4160 es
363 4112 417 4155 sao
436 4100 585 4168 eodm
602 4104 677 4161 bete
689 4108 820 4174 prefects.
852 4107 973 4177 ιεεπεῃσ
991 4120 1082 4161 sensa
1096 4104 1131 4160 sd
1149 4105 1257 4167 aedis-
