3017 4759
293 175 366 257 tet
568 186 817 253 urceruoai
848 183 1078 251 cursorius

293 350 486 437 ἀρθοδόξιιι,
510 351 551 413 δι’
582 351 722 433 έφέσεας
756 338 796 429 ἢν
828 344 981 427 ὁμιλῆσαι
1003 348 1059 409 καί
1078 348 1159 434 τῷδε
1180 346 1315 430 τάνδρί,
1337 342 1396 409 καί

289 454 377 519 τοῦτ’
400 448 479 515 adel
505 448 646 531 μαθόντι
676 452 800 529 πρῶτον
825 444 921 511 ἔπειτ’
944 447 1077 529 ἐρέσθαι
1100 446 1155 510 καί
1173 444 1219 509 ἀει
1241 440 1392 527 βούλοιὶο

290 546 376 619 uisci
391 556 447 634 τῆς
460 554 639 634 πρεσβείας,
663 548 718 613 καί
738 546 815 631 πρός
830 571 864 630 γε
883 541 943 611 ύσα
958 556 1023 620 τοῖς
1043 547 1198 623 τοιούτοις
1219 550 1317 613 ἔποφ’
1340 541 1391 611 ἀν.

291 652 346 720 διά
378 652 419 736 δη
448 648 547 717 τοῦτοί
574 647 604 714 οἱ
629 654 685 715 καί
707 644 790 715 εἶναι
812 652 1053 739 συντεθειμένοι
1076 647 1196 732 ἀκήκοα
1228 646 1281 711 τόν
1294 640 1392 713 Ἄθω

290 751 506 841 παραπλεόντι
538 749 592 815 καί
621 749 709 835 παρέ
738 751 792 814 τόν
818 751 958 815 τοιούτου
993 746 1072 812 idei
1101 748 1257 832 πάρεργον
1289 740 1419 831 ύνδριιό

292 856 314 920 ἀ
342 860 446 939 ἴχθαι.

225 964 281 1020 n
316 878 341 943 φ
394 951 520 1019 Τούτων
552 955 584 1019 δ’
608 949 694 1019 σάτω
724 954 909 1039 φερομένων
935 945 1004 1034 ἥκει
1024 975 1071 1027 τις
1098 954 1133 1016 έκ
1158 952 1393 1035 Θεσσαλονίκης

291 1056 331 1122 τό
354 1079 387 1120 τε
405 1049 487 1119 ἀλλα
509 1056 677 1137 ἀγγέλλων,
701 1057 756 1117 καί
778 1046 828 1115 ότι
843 1055 956 1132 βιαίους
976 1054 1012 1115 ἐκ
1036 1056 1155 1115 πολλού
1177 1056 1231 1116 καί
1250 1050 1321 1115 λίαν
1340 1076 1392 1113 πε.

290 1160 373 1239 κριός
406 1156 624 1239 ἀπορραγῆναι
654 1157 713 1233 μὲν
742 1153 917 1217 κινδυνεύει
948 1148 1016 1216 τού
1038 1155 1093 1236 ζῆν
1126 1156 1308 1232 Παλαμάς,
1333 1154 1393 1214 ούκ

291 1255 527 1337 ἀπορρηγνυται
550 1256 595 1338 δέ,
618 1252 699 1319 ἀλλά
719 1263 819 1318 κεῖται
841 1256 1031 1334 παρειμένος
1064 1251 1119 1317 καί
1137 1258 1236 1336 χείρω
1259 1250 1393 1335 πόσχων
1403 1259 1439 1315 10

289 1356 415 1441 μυρίων
434 1354 595 1420 θανάτων.
640 1355 844 1436 έξισγκῶσθαι
875 1353 936 1437 γὰρ
967 1354 1055 1441 αύτῷ
1075 1351 1132 1435 τὴν
1152 1356 1290 1437 γαστέρα
1310 1352 1394 1439 φασί

290 1453 374 1531 icti
397 1452 480 1518 πύνυ
503 1479 534 1518 τι
568 1451 786 1540 ύπερβόλλου,
824 1457 878 1517 καί
897 1450 966 1534 ἅμα
997 1458 1173 1538 παρεῖσθαι
1202 1461 1314 1536 χεῖρας
1339 1453 1395 1517 καί

188 1564 191 1568 ’
290 1553 404 1636 πόδας,
427 1554 470 1630 ὥς
489 1554 587 1638 μικροὶ
612 1549 753 1640 ἢμηδὲν
773 1552 854 1639 πλὴν
874 1557 937 1636 ζτού
970 1554 1124 1618 ἀναπνεῖν
1144 1555 1311 1639 διαφέρειν
1331 1555 1393 1617 reis

291 1660 391 1720 λίθων
413 1658 459 1731 εἰς
479 1654 515 1719 τό
537 1658 696 1738 ἀκινητον.
750 1658 971 1741 έκφραγέντιαν
999 1656 1028 1717 δ’
1059 1653 1145 1742 αύτῷ
1176 1656 1230 1718 καί
1252 1658 1316 1717 ταῖν
1335 1654 1392 1735 τῆς

290 1758 411 1831 κοιλίας
434 1761 655 1841 desipuimus*
685 1758 717 1831 ές
747 1754 785 1820 τό
806 1749 873 1821 ἀνω
896 1758 1139 1839 ἐστραμμένων,
1162 1754 1214 1818 διό
1244 1752 1436 1824 residui-15

289 1876 386 1937 ραιιος
415 1849 513 1929 αύθις
543 1856 621 1919 autri
642 1858 833 1939 παλίρροιαν
856 1856 1002 1938 Εύρίπου
1035 1857 1124 1940 δίκην
1156 1855 1329 1939 ἀναφέρειν
1360 1857 1391 1929 ές

178 1986 188 2017 ·.
289 1953 325 2019 τό
349 1951 452 2035 στόμα
475 1959 528 2021 καί
550 1956 748 2035 ἀποπέμπειν
775 1958 897 2021 έκεῖθεν
924 1957 1183 2041 ἀναγκαζομένην
1215 1954 1281 2046 την.
1292 1952 1391 2039 φύσιν

289 2055 324 2120 τό
346 2058 402 2141 τῆς
423 2054 560 2140 γαστρός
581 2055 744 2139 κοπρῶδες
765 2060 947 2140 περίττωμα
968 2060 1050 2137 πᾶν,
1072 2061 1126 2121 καί
1145 2060 1292 2145 γίνεσθαι
1315 2058 1392 2129 τέονς

289 2156 359 2221 ἀντί
379 2160 437 2241 τῆς
456 2160 560 2243 ἕδρας
574 2159 613 2246 τῇ
627 2158 732 2243 ’φύσει
746 2156 781 2223 τό
805 2156 909 2239 στόμα
932 2155 1178 2238 διακονούμενον
1201 2159 1234 2233 ές
1255 2157 1313 2232 τὰς
1335 2158 1392 2239 τῆς

289 2257 426 2339 γαστρός
446 2260 604 2335 δυσώδεις
624 2263 765 2343 κηλῖδας.
1052 2278 1053 2282 ’
1398 2270 1437 2323 20

226 2370 282 2425 ΙΙ
387 2357 491 2445 Ὁρᾷς,
511 2350 538 2423 ἀ
560 2365 695 2443 φίλτατε
715 2359 946 2444 Ἀγαθάγγελε,
966 2362 1033 2436 πούς
1055 2350 1177 2425 ἀνωθεν
1200 2358 1219 2442 ἦ
1242 2358 1316 2423 θεία
1335 2380 1391 2421 τα·

291 2459 433 2523 λαντεύει
456 2458 526 2544 δίιιη
546 2460 580 2524 τό
602 2459 707 2542 χρεόν
729 2464 809 2525 κάπί
831 2463 910 2548 τῷδε
938 2462 1068 2546 τάνδρί,
1088 2461 1143 2525 ἵνα
1166 2459 1200 2524 τό
1224 2462 1280 2541 τῆς
1302 2459 1393 2543 ἀφαι-

278 2562 365 2643 δνοός
386 2562 495 2646 ψυχῆς
516 2562 678 2642 δυσῶδες,
707 2556 751 2635 ἀς
771 2558 874 2640 ἔοικα,
905 2562 1000 2645 δῆλον
1029 2562 1090 2627 κάκ
1114 2564 1177 2646 Ιτῆς
1211 2556 1391 2644 αἰσθήσεως
1420 2640 1426 2651 ι

290 2913 406 2969 brasidae
425 2913 504 2965 ritum
524 2927 594 2977 eum,
617 2914 663 2982 qui
680 2914 708 2965 iu
727 2904 934 2965 orthodoxorum
946 2913 1090 2983 metropoli
1111 2912 1249 2981 regnabat,
1268 2920 1391 2980 potestus

292 2994 349 3037 erat
368 2983 547 3037 conveniendi
568 2984 639 3036 hunc
660 2986 746 3035 virum
770 2992 796 3035 et
815 3000 894 3053 quum
914 2985 1025 3051 primum
1044 2984 1147 3037 audivit
1165 2986 1252 3037 statim
1271 2986 1391 3036 interro.

289 3056 371 3126 gaudi
391 3070 449 3107 eum
469 3063 496 3107 et
514 3069 582 3122 quae
601 3054 688 3107 vellet
705 3055 807 3125 legatio
831 3063 857 3107 et
875 3071 944 3125 quae
962 3065 1102 3122 praeterea
1119 3064 1272 3125 quaereret.
1295 3071 1391 3123 quam.

291 3127 383 3178 obrem
403 3127 574 3177 constituisse
595 3142 654 3177 eum
673 3128 762 3179 audivi
781 3135 870 3179 munte
889 3126 960 3181 Atho
980 3135 1087 3195 praeter
1107 3128 1234 3195 navigato
1253 3127 1285 3179 ad
1304 3128 1390 3179 virum

290 3195 367 3248 illum
389 3211 422 3247 ex
440 3196 537 3247 itinere
555 3197 700 3262 prolicisci.

391 3282 466 3345 Quae
484 3298 563 3350 quum
581 3285 618 3335 ita
637 3293 736 3348 esseut,
762 3288 838 3339 veuit
855 3288 960 3357 quidam
989 3304 1023 3339 ex
1040 3286 1177 3341 Thessalia
1196 3295 1223 3340 et
1240 3288 1295 3339 alia
1315 3290 1391 3340 refe.

291 3367 353 3405 reus
373 3360 401 3403 et
421 3351 504 3417 illud,
524 3355 620 3406 iamdiu
638 3371 674 3407 ue
694 3356 868 3412 veliementer
888 3368 915 3411 et
934 3357 1013 3411 valde
1039 3361 1137 3411 acriter
1155 3375 1171 3411 e
1190 3361 1246 3411 vita
1266 3360 1391 3426 eripere.

291 3432 350 3488 tur,
381 3425 410 3474 in
426 3423 548 3488 periculo
580 3428 681 3477 versari
700 3425 848 3493 l’alarnam;
874 3445 928 3482 non
949 3424 1054 3498 quidem
1074 3431 1224 3483 decessisse
1244 3446 1320 3494 eum,
1341 3432 1390 3483 sed

292 3496 384 3547 stactis
411 3494 514 3547 viribus
538 3496 628 3548 iacere
655 3504 681 3547 et
705 3498 777 3550 ferre
801 3502 860 3567 ipsa
880 3508 964 3553 morte
983 3500 1129 3552 acerbiora.
1178 3510 1299 3563 ventrem
1319 3502 1390 3553 euim

291 3568 383 3619 dicunt
400 3567 433 3617 ad
452 3567 607 3619 immensum
626 3568 684 3641 fere
699 3573 862 3635 accrevisse,
880 3589 912 3624 ac
932 3570 1010 3623 simul
1023 3572 1142 3622 manibus
1162 3580 1189 3625 et
1209 3573 1320 3639 pedibus
1339 3573 1390 3623 de.

289 3637 423 3691 bilitatum
450 3653 508 3688 eum
536 3639 573 3690 itu
600 3646 628 3689 ut
646 3640 716 3706 quod
740 3642 772 3692 ad
787 3635 966 3710 ¹torpediu'eru
992 3644 1110 3709 pertinet
1133 3643 1239 3709 paulurn
1266 3652 1312 3695 sut
1331 3644 1390 3695 lere

290 3708 359 3761 nihil
383 3724 398 3759 a
423 3708 556 3775 lapidibus
582 3710 634 3761 nisi
653 3711 723 3777 quud
752 3714 866 3779 spiraret
890 3714 1023 3777 differret3
1053 3714 1202 3765 visceribus
1229 3715 1342 3767 reclusis
1363 3723 1390 3766 et

289 3794 339 3846 per
363 3779 500 3832 thoracem
527 3779 642 3847 repulsis
667 3782 700 3832 ad
730 3785 815 3835 instar
838 3784 931 3851 Euripi
958 3792 1060 3835 aestum
1089 3785 1282 3852 reciprocantis
1301 3788 1390 3837 omnia

290 3851 393 3901 ventris
412 3850 545 3917 superflua
564 3852 626 3903 iude
645 3853 677 3904 ad
703 3869 775 3906 orem
801 3858 893 3909 reduci
920 3864 1030 3907 naturae
1058 3857 1222 3908 necessitate
1241 3864 1267 3909 et
1286 3858 1389 3924 podicis

289 3919 353 3972 locu
371 3936 388 3972 a
407 3928 502 3972 natura
520 3936 593 3973 orem
611 3923 732 3976 adhiberi
752 3928 784 3979 sd
805 3928 963 3995 excipienda
982 3928 1084 3979 ventris
1105 3936 1283 3979 excrementa.

389 4006 479 4073 Vides,
501 4010 637 4062 carissime
657 4013 854 4083 Agathangela
874 4015 1006 4082 quomodo
1031 4016 1122 4067 divina
1140 4014 1189 4067 illa
1207 4016 1308 4067 iustitia
1327 4015 1390 4069 huic

289 4094 399 4150 quaque
424 4079 524 4133 homiui
548 4090 647 4135 sortem
672 4085 849 4153 pependerit,
866 4087 910 4151 pits
938 4093 967 4137 ut
991 4086 1095 4139 animae
1126 4102 1195 4156 quae
1214 4086 1315 4155 adspici
1335 4100 1389 4141 αοα
