3017 4759
220 278 442 351 nrsromta
470 282 730 353 amuranus
743 286 865 353 mr.
885 268 1074 355 itt-lo.
1128 251 1206 356 tud

95 446 207 528 στόμα
229 447 424 533 ζόιανοῖξαι,
460 444 542 548 (illd
576 447 664 532 φόβῳ
697 445 835 534 μεγίστῳ
867 446 1119 532 καταπλαγέντες
1139 447 1204 526 ἐξέ-

98 545 254 631 στησαν”.
905 629 910 638 ὓ

201 645 356 712 Ἐνταῦθα
384 650 440 715 καί
461 650 489 713 εἰ
511 649 671 737 βασκανίᾳ
694 649 829 729 κάτοχός
848 674 896 726 τις
916 647 987 735 εἴη,
1010 649 1066 712 καί
1088 651 1116 714 εἰ
1139 669 1271 732 sco-n

99 748 186 833 κρῦς
207 748 357 833 εὐηθείας
382 752 507 833 μεστός,
529 752 649 829 πάντας
672 747 709 815 ῦν
728 775 786 833 μοι
801 752 893 816 δοκεῖ
910 754 966 834 τῆς
987 749 1113 836 γνώμης
1134 753 1206 833 ἐμοὶ
1268 756 1274 767 ’

67 857 276 927 5κοινανεῖν,
299 853 536 934 μεταθεμένους
565 852 606 939 τό,
640 848 840 937 όγνωμόντε
860 852 915 917 καί
936 853 1047 938 δύσερι
1069 851 1149 935 πρός
1169 877 1205 938 γε

98 949 137 1017 τό
160 950 239 1034 μήτε
258 952 401 1027 πλείονος
427 953 506 1036 μήτε
536 954 683 1035 μείζονος
707 952 780 1037 μῆν’
814 950 1043 1037 ἐναργεστέρας
1075 954 1204 1017 όεῑσθκι

99 1051 305 1135 μαρτυρίας,
339 1048 388 1116 ότι
418 1058 481 1118 τών
516 1056 572 1118 τοῦ
596 1056 742 1136 Χριστοῦ
773 1053 951 1137 θαυμάτων
983 1053 1019 1119 ἓν
1041 1054 1096 1118 καί
1116 1052 1151 1118 τό
1171 1056 1205 1117 ἐν
1221 1058 1335 1121 rotat.

104 1150 270 1237 Θαβυιρίφ
305 1154 474 1237 δειχθῆναι
495 1156 573 1240 φώς.
626 1152 714 1235 όμοος
737 1156 827 1218 όυοῖν
848 1155 1004 1220 ἐνταυθοῖ
1020 1157 1203 1240 όιειλημμέ-
1253 1166 1261 1175 ’

100 1275 169 1315 νων
183 1254 329 1336 μεγάλων
349 1258 406 1319 τοῦ
417 1258 561 1339 Χριστοῦ
582 1256 769 1336 θαυμάτων,
794 1252 814 1337 ἢ
835 1254 892 1319 καί
904 1256 993 1320 όυοῖν
1013 1257 1113 1341 ἐχρῆν
1126 1258 1205 1323 Πα-
1248 1314 1255 1327 .

50 1355 193 1433 ιολαμῦ
213 1350 269 1436 τῆν
291 1353 497 1439 λατρευτικῆν
533 1354 700 1437 ἀπονέμειν
730 1355 945 1441 προσκύνησιν
976 1353 1019 1430 ώς
1049 1356 1205 1433 άκτίστοις

100 1450 262 1536 θεότησιν,
284 1454 337 1517 ἵνα
358 1458 470 1536 μεῖζον
499 1456 554 1520 καί
586 1450 809 1542 φανερώτερον
837 1450 860 1543 ᾖ
891 1455 926 1521 τό
956 1458 1127 1540 νεμόμενον
1149 1458 1205 1540 τῆς

101 1554 203 1618 αότοῦ
223 1555 348 1631 κακίας,Ι
368 1552 388 1638 ἢ
410 1555 548 1640 θατέρῳ,
572 1559 618 1642 τρῖ
639 1558 764 1639 μείζονι
786 1557 908 1643 όηλαόῆ
930 1560 986 1621 καί
1006 1556 1203 1643 ῦφηλοτέρφ.

103 1656 132 1717 εἰ
156 1656 191 1719 όέ
210 1657 300 1721 τοῦτο
324 1656 435 1739 μηάείς
466 1659 602 1742 μηδαμῇ
623 1681 673 1721 πω
700 1653 888 1741 τετόλμηκεν
906 1646 974 1724 τόθ’
997 1658 1043 1733 εἰς
1061 1659 1136 1721 νοῦν
1157 1659 1201 1721 εέ-

103 1752 242 1839 ληφέναι
274 1757 431 1842 τρόφιμος
465 1755 628 1838 εόσεβείας
658 1758 714 1823 καί
736 1756 804 1841 ἅμα
837 1758 987 1835 παιδείας
1008 1756 1204 1842 εὐσχήμονος

55 1853 191 1934 15ἐχοιν
225 1853 386 1941 ἡλικιῶτιν
421 1857 583 1935 διάνοιαν,
616 1860 679 1921 ποῦ
700 1858 823 1923 δίκαιον
843 1867 911 1935 τοῖς
929 1882 963 1923 τε
985 1857 1204 1941 είκονομάχοις

104 1956 312 2047 ἐκείνοιςκαί
342 1955 408 2041 ἅμα
429 1962 470 2044 τῇ
490 1958 545 2051 νέρ
567 1958 662 2044 ταύτῃ
693 1962 750 2023 τοῦ
770 1962 921 2043 Παλαμά
943 1960 1083 2046 φάλαγγι
1100 1982 1202 2045 προσ-

104 2058 192 2136 έχειν
219 2054 272 2123 τόν
302 2059 376 2121 νοῦν
407 2056 579 2139 όπωσοῦν;
612 2052 658 2135 οἷς
689 2058 791 2123 πάντα
824 2061 883 2141 μὲν
915 2060 1017 2136 όόεώς
1047 2063 1203 2142 τολμῦται

105 2162 208 2241 λέγειν
225 2156 265 2221 τά
284 2158 443 2243 χείριστα,
464 2154 589 2224 πάντων
612 2162 642 2223 δ’
664 2154 721 2225 οῦν
742 2159 883 2241 μάλιστα
905 2158 1015 2243 θεϊκῆν
1036 2159 1205 2241 ἀπονέμειν
1214 2171 1271 2223 10

104 2258 256 2339 λατρείαν
277 2261 322 2343 τρῖ
343 2261 401 2322 τοῦ
422 2258 456 2322 ἐν
483 2260 644 2345 Θαβωρίιρ
668 2260 836 2341 θαύματος
858 2284 957 2347 φωτι,
979 2262 1035 2325 καί
1058 2259 1204 2323 άνοόσιον

57 2368 94 2424 2⁰
107 2356 186 2421 αῦτό
206 2354 349 2441 νομίζειν
371 2360 506 2443 θεότητα
528 2357 702 2445 όφειμένην
723 2358 779 2422 καί
802 2358 1027 2423 ἀνυπόστατον.
1070 2358 1127 2441 ἐμὲ
1145 2353 1205 2440 μὲν

105 2456 166 2543 γάρ
189 2459 344 2523 ἐνταυθοῖ
361 2462 528 2542 Παλαμᾶς
557 2456 685 2544 εῦρήσει
714 2460 874 2542 πολέμιον,
896 2460 952 2523 καί
972 2457 1091 2544 γλώττῃ
1115 2458 1202 2544 πάσῃ

106 2558 161 2622 καί
181 2559 306 2641 βίβλοις
329 2556 418 2636 όλαις
437 2560 497 2638 άεί,
520 2555 579 2624 κόν
601 2556 645 2642 μῆ
667 2558 830 2643 βοῦληται,
853 2562 990 2645 σιγῶντα
1005 2564 1034 2625 d'
1057 2554 1113 2623 οόν
1135 2558 1203 2622 odd'

62 2738 66 2741 -
106 2655 161 2722 ἐάν
181 2658 344 2743 βούληται.
386 2655 546 2743 ἧπολλοῦ
577 2659 661 2742 μέντ’
688 2656 726 2723 όν
757 2659 878 2745 όεῆσειε
897 2662 1100 2747 βαρβαρικῆς
1123 2660 1202 2723 dno-

104 2760 193 2834 νοιάς
229 2752 308 2825 εἶναι
339 2764 459 2848 μεστιῆ.
468 2762 587 2826 πολλοῦ
618 2762 646 2823 d'
682 2758 719 2824 όν
750 2763 926 2839 πολυθεῖας
948 2760 1035 2841 ἐχειν
1054 2758 1092 2825 τό
1112 2752 1203 2844 ἦττον

106 3040 176 3081 nnnc
192 3038 228 3075 ua
246 3022 323 3091 loqui
346 3021 450 3091 quidem
471 3022 543 3075 ullus
563 3031 671 3091 poterat
691 3008 904 3090 discipulorum,
926 3037 1065 3091 nequeas
1088 3023 1202 3091 aporire,
1224 3010 1229 3022 ⁴

108 3098 154 3149 sed
170 3102 242 3148 metu
261 3095 374 3146 maximo
394 3095 511 3162 perculsi
532 3103 615 3149 eraut.

214 3189 263 3244 Ubi
287 3192 336 3241 etsi
356 3192 416 3260 quis
437 3192 555 3243 invidiae
574 3193 609 3243 sit
627 3192 746 3243 addictus
768 3198 814 3242 ant
833 3189 929 3258 plenus
947 3190 1046 3242 nimiae
1070 3190 1202 3258 simplici.

110 3264 169 3315 tatis
189 3276 280 3313 omncs
299 3271 385 3314 tamen
405 3264 563 3313 seutentiam
588 3278 644 3314 cam
664 3278 766 3313 mecum
785 3262 1023 3314 communicaturos
1050 3271 1123 3330 puto.
1165 3263 1202 3315 ita

110 3343 138 3385 ut
155 3334 259 3385 sublata
281 3336 437 3396 temeritate,
451 3342 478 3385 et
496 3334 584 3401 litigio
603 3350 656 3385 non
675 3334 788 3400 amplius
808 3349 874 3400 opus
893 3336 928 3384 sit
946 3335 1047 3385 maiora
1068 3341 1094 3385 et
1113 3338 1201 3385 mant.

112 3404 220 3457 lestiore
242 3414 414 3472 argumento,
438 3421 491 3474 quo
511 3406 580 3456 inter
599 3406 697 3459 Christi
717 3405 846 3456 miraculo
864 3406 1025 3457 numeranda
1043 3420 1104 3457 esse
1122 3407 1200 3458 etiam

111 3476 156 3527 lux
175 3475 223 3527 illa
243 3478 269 3526 in
289 3476 391 3527 l'habor
411 3478 616 3529 demonstretur.
664 3492 818 3545 quamquam
848 3492 926 3543 quum
957 3477 1009 3528 duo
1037 3489 1133 3542 magna
1163 3476 1200 3528 ibi

113 3547 209 3600 Christi
229 3546 356 3598 miracula
375 3556 486 3601 tractata
506 3557 604 3611 essent,
624 3557 668 3599 aut
687 3547 787 3599 duabus
805 3564 918 3600 necesse
933 3555 991 3599 erat
1001 3548 1201 3599 venerationem

112 3618 240 3669 vindicari
261 3616 382 3669 Palamae
401 3621 527 3671 increatis
546 3620 698 3682 deitatibus,
719 3621 792 3670 itaut
809 3620 892 3670 maior
908 3627 934 3669 et
951 3618 1118 3669 manifestior
1136 3634 1201 3684 pra.

112 3689 199 3741 vitatis
219 3689 275 3739 elus
296 3690 439 3741 vindicatio
460 3699 541 3754 essct,
562 3691 695 3742 autalteri
709 3692 802 3742 maiori
819 3698 847 3741 et
863 3690 1006 3755 superiori.
1044 3690 1114 3756 quod
1134 3704 1199 3741 vero

113 3760 228 3811 sinemo
250 3774 362 3828 uuquam
384 3770 493 3812 conatus
515 3764 599 3813 estin
619 3764 732 3813 animum
745 3763 881 3822 inducere,
902 3762 1001 3827 quippo
1019 3761 1135 3812 nutritus
1153 3776 1200 3812 rc.

111 3830 211 3895 ligione
231 3838 258 3881 et
277 3833 411 3897 praeditus
431 3847 494 3883 sana
513 3835 599 3883 bonae
619 3834 775 3884 eruditionis
790 3833 919 3894 scientia,
941 3845 1001 3881 num
1027 3846 1139 3899 aequum
1158 3839 1200 3884 cst

111 3901 289 3952 iconomachis
306 3901 362 3953 illis
382 3911 409 3953 ot
426 3918 513 3953 novae
533 3906 594 3953 huic
615 3902 737 3955 Palamae
762 3904 835 3970 genti
855 3910 968 3952 mentem
982 3904 1134 3968 advertere,
1154 3904 1199 3973 qui

113 3980 138 4024 et
156 3974 243 4025 omnia
263 3974 370 4040 impune
390 3978 487 4025 audent
505 3977 619 4039 pessima
638 3975 712 4043 loqui
744 3982 772 4025 et
790 3974 905 4023 omnium
930 3976 1060 4026 maximae
1084 3975 1201 4026 divinam

112 4046 308 4096 venerationem
328 4044 369 4097 illi
388 4046 415 4095 in
437 4044 540 4095 l'habor
564 4047 684 4097 miraculi
705 4045 759 4096 luci
779 4046 916 4096 vindicare
947 4054 973 4098 et
1001 4044 1200 4112 inessentialem

101 4114 207 4169 ¹habero
225 4116 350 4168 deitatem
370 4116 443 4168 illam
462 4115 607 4168 subiectam
633 4126 660 4169 ot
685 4115 926 4168 insubstantialem.
969 4132 1012 4169 ma
1041 4116 1147 4185 quidem
1171 4118 1200 4169 in

111 4188 137 4239 iu
154 4187 204 4239 hac
226 4202 255 4240 re
276 4188 378 4240 ridebit
401 4188 503 4243 hostem
524 4195 551 4238 et
568 4190 638 4240 omui
658 4202 783 4241 sermons
803 4194 830 4238 et
851 4189 955 4242 ετιελίε
975 4187 1069 4254 libris,
1095 4188 1199 4241 etiamsi
