3017 4759
295 198 343 280 th
594 210 820 279 uiosrsonr
848 210 1077 305 sassones

293 376 382 455 λαμό
411 370 599 456 δυσσεβίσιν
636 372 844 458 ἐντετύχηκας
868 371 1053 457 γράμμασιν
1085 369 1221 458 ἔκδημος
1242 368 1320 455 σύγε
1339 362 1397 450 οόν,

293 473 366 551 ἑνός
387 474 448 558 όγτό
470 475 526 540 καί
546 478 634 541 δυυῖν
653 479 715 541 ταῖν
737 478 856 540 ε’κείνου
878 479 935 539 νῦν
957 476 991 538 ἐκ
1022 481 1079 539 τού
1095 470 1219 555 ’σχεδόν
1238 472 1399 556 μνησθείς

295 574 528 659 άπαλλάξομαι,
549 575 589 642 ἵν’
610 576 652 652 σός
675 578 709 642 όκ
727 577 907 660 κρασπδδου
921 574 955 639 τό
978 568 1128 662 ύφάσμα,
1151 574 1257 659 γνοίης
1281 566 1320 636 dv
1341 576 1400 635 καί

296 674 393 755 αύτός
414 670 500 753 όπως
521 681 555 744 ἐκ
575 683 828 764 μοχθηροτέραν
850 679 966 755 ε’κιϊνος
990 675 1194 761 προλήψεων,
1216 698 1399 759 σπερματι-

295 781 357 853 anic
379 776 566 862 ἐγκειμένων
588 788 657 857 ταῖς
679 781 953 865 όκτετυφωμόναις
972 779 1077 843 αύτού
1099 780 1278 855 διανοίαις,
1293 777 1424 857 δημονό

295 876 452 963 τοσαύτης
474 885 585 956 κακῶς
605 879 621 945 ό
642 879 786 956 κάκιστος
810 877 1010 964 ε’ξηρεύξατο.
1040 882 1111 943 ἐπεί
1129 875 1192 961 γάρ
1210 877 1291 959 μετά
1315 881 1398 939 πολ-

296 974 369 1055 λούς
390 1002 476 1056 τινας
499 980 637 1065 δρόμους
658 982 714 1071 βίη
735 985 790 1045 καί
806 981 901 1061 μόλις
920 981 1029 1065 τῆςός
1051 981 1287 1062 Θεσσαλονίκην
1304 974 1396 1043 εἰσό-

296 1080 354 1143 δου
377 1079 564 1165 τετύχηκεν,
589 1086 633 1147 εὀό
654 1088 754 1166 λέγειν
777 1081 877 1147 όιιόσα
905 1079 1022 1146 θεόθεν
1043 1080 1176 1164 ἐδείχθη
1198 1087 1314 1164 σημεῖα
1336 1075 1396 1161 τη“ν

294 1176 418 1245 εἴσοδον
451 1176 641 1268 αὐτόχρημα
671 1180 788 1250 τούτου
819 1182 1016 1266 χλευάζοντα
1048 1186 1103 1246 κατ’
1122 1179 1394 1263 άποτρεπόμενα·

295 1276 363 1345 ἔστι
394 1280 455 1367 γάρ
480 1282 629 1349 άπάντων
661 1286 875 1369 διηγουμένων
904 1284 1031 1347 α’κούειν
1057 1283 1179 1365 συχνά·
1233 1283 1267 1355 ός
1298 1281 1333 1343 δὲ
1356 1278 1394 1345 τό
1407 1288 1441 1340 10

296 1384 383 1448 θεῖον
405 1386 532 1466 τέμενος
551 1384 605 1468 τὴν
626 1383 717 1472 ἱεράν
733 1389 793 1451 σύν
812 1380 921 1461 ἄλλοις
942 1381 1063 1469 ἱερεῦσι
1076 1388 1241 1457 τελοῦντος
1262 1384 1395 1461 θυσίαν,

295 1482 372 1567 κατά
405 1488 461 1571 γῆς
486 1490 664 1571 κενωθῆναι
694 1491 813 1572 συνέβη
842 1487 879 1551 τό
911 1490 1000 1569 δοόρα
1028 1489 1086 1551 τού
1106 1488 1198 1550 δείσυ
1228 1486 1395 1567 κρατῆρος.

295 1585 420 1651 πάντων
442 1581 497 1651 νύν
519 1591 827 1674 καταπεπληγμένων
848 1592 902 1655 ἐπὶ
933 1592 975 1677 τῷ
998 1585 1147 1672 γεγονότι,
1171 1586 1216 1671 μή
1239 1590 1396 1668 θορυβεῖ-

294 1690 377 1750 σδαι
400 1688 560 1775 παρῄνει,
583 1690 614 1754 τί
628 1688 687 1774 γάρ
713 1691 746 1755 τό
769 1695 828 1755 τού
849 1692 993 1774 Χριστοῦ
1003 1735 1013 1767 ,
1037 1686 1182 1774 φάσκων,
1206 1684 1277 1751 τότε
1297 1689 1397 1768 χιδὲν

295 1778 375 1869 αἷμα
401 1798 464 1862 τοῖς
492 1789 659 1865 Ἰουδαίοις
691 1791 965 1876 καταπεπάτηται,
997 1790 1106 1856 καινόν
1135 1788 1193 1853 ούκ
1214 1781 1254 1853 όν
1285 1788 1337 1870 εἴη
1360 1783 1396 1850 τό
1407 1798 1439 1851 15

295 1884 358 1952 ύπό
375 1891 436 1955 τῶν
459 1887 639 1975 α’νθριόπων
670 1890 878 1975 άγιαζόμενον
907 1896 1002 1957 τούτο
1022 1891 1160 1972 πάσχειν
1188 1886 1290 1954 ταύτά
1312 1885 1394 1953 κατά

262 1992 457 2074 θσύμβασιν
480 1992 624 2057 ούτωοίν.
649 1991 726 2083 όρρῖς
748 1995 819 2069 οἵας
839 1996 1016 2079 προλήψεις
1037 1989 1120 2075 ἔχων
1141 1994 1176 2056 ἐκ
1197 1991 1316 2054 πολλοῦ
1338 2012 1397 2053 πε-

296 2092 445 2178 φώραται
469 2088 526 2157 κάν
557 2095 673 2183 ταύτην·
719 2094 760 2158 ον’
791 2094 853 2179 γάρ
882 2092 922 2178 δὴ
945 2098 1039 2176 σῶμα
1067 2095 1212 2177 γίνεσθαι
1234 2096 1291 2157 καί
1313 2082 1396 2171 αἷμα

264 2246 270 2259 ,
299 2196 446 2275 Χριστοῦ
466 2197 534 2260 κατ’
559 2196 716 2281 α’λὴδιιαν
737 2194 836 2261 οἴεται
859 2194 895 2259 τό
912 2193 965 2259 διά
989 2198 1050 2259 τεόν
1068 2196 1168 2272 θείων
1187 2196 1243 2277 τῆς
1264 2189 1397 2277 ἱερουρ-

295 2297 365 2377 γίας
386 2295 491 2377 εύχιόν
523 2296 751 2380 άγιαζόμενον,
784 2300 855 2361 ἀλλ’
876 2293 982 2380 ιόσπερ
1009 2292 1186 2382 Ιὑφειμένον
1209 2289 1290 2360 εἶναι
1312 2296 1395 2376 λέγει
1405 2312 1440 2367 20

296 2392 372 2457 διόν
394 2393 446 2459 τόν
466 2393 533 2477 υἱὸν
555 2402 609 2463 καί
636 2402 692 2482 τῆς
713 2403 773 2462 τού
792 2397 915 2483 πατρός
943 2397 1055 2472 ούσίας
1076 2393 1184 2480 ἕτερον
1214 2399 1248 2462 ἐν
1267 2401 1395 2467 πολλοῖς

208 2563 212 2580 ,
295 2499 358 2559 τιόν
394 2495 495 2561 αύτού
531 2497 809 2585 συγγραμμάτων,
846 2495 947 2575 σύιως
975 2495 1021 2563 ἔτι
1045 2500 1102 2563 τού
1130 2494 1222 2581 ἱεροῦ
1246 2496 1402 2578 στόματοςΙ

296 2592 415 2660 ἑκείνου
445 2600 536 2661 τοῦδ’
571 2599 745 2685 ύφειμόνον
796 2602 852 2666 κατ’
876 2588 981 2687 τιολλρλ
1009 2599 1164 2684 διάφορον
1187 2600 1319 2674 όκείνου,
1341 2593 1398 2658 καί

296 2916 390 2984 impios
406 2915 533 2969 »Palenses
552 2916 635 2969 libros
658 2916 778 2987 legeris,
797 2916 875 2969 unius
905 2931 955 2986 ego
976 2916 1021 2969 uel
1040 2917 1149 2969 duarum
1167 2930 1256 2968 rernm
1273 2915 1395 2968 breviter

295 2989 431 3041 mentione
460 2989 529 3041 fecta
553 2988 643 3041 dicero
663 2989 804 3052 desistam,
824 2996 854 3040 ut
872 2990 947 3056 quasi
973 3005 1006 3041 ex
1027 2988 1130 3040 iimbria
1149 2996 1250 3040 textum
1269 2988 1328 3055 ipse
1347 3002 1393 3038 ra-

294 3062 394 3111 tionem
415 3074 578 3129 cognoscas,
596 3073 660 3131 'qua
678 3063 730 3113 iste
757 3076 789 3111 ex
812 3060 923 3111 nefariis
951 3060 1121 3127 opinionibus
1150 3061 1237 3111 animo
1257 3059 1327 3109 iustu
1348 3066 1393 3109 tu.

295 3139 384 3182 mente
402 3130 490 3184 insitis
513 3140 593 3201 atque
621 3134 718 3185 innatis
746 3141 836 3185 tantae
864 3131 1039 3199 improbitatis
1057 3131 1155 3182 molem
1181 3131 1393 3197 improbissimus

296 3203 453 3253 evomuerit.
504 3218 581 3270 quum
604 3205 673 3254 enim
706 3204 804 3256 multos
830 3205 970 3272 quosdam.
986 3212 1047 3270 post
1070 3218 1161 3254 cursus
1186 3200 1393 3254 Thessalonicae

296 3272 432 3323 introitum
452 3272 498 3323 vix
516 3283 595 3341 atque
614 3290 695 3343 aegre
714 3284 808 3329 nactus
835 3284 915 3339 esset,
934 3277 1025 3325 omitto
1047 3275 1154 3336 dicere,
1174 3282 1271 3342 quanta
1290 3273 1392 3325 divini-

296 3350 337 3395 tus
357 3342 418 3393 data
437 3344 489 3395 sint
509 3345 586 3412 signa
603 3346 739 3397 introitum
752 3375 754 3386 ·
767 3347 823 3398 eius
841 3350 928 3400 statim
953 3345 1102 3398 desidentia
1130 3355 1210 3413 atque
1229 3345 1391 3397 aversantis.

295 3414 321 3466 id
342 3414 411 3465 enim
435 3430 469 3467 ex
486 3417 604 3468 cuiusvis
623 3431 746 3468 sermone
766 3419 851 3485 accipi
870 3426 966 3485 potest.
1005 3431 1083 3484 quum
1104 3432 1186 3481 vero,
1207 3430 1239 3467 eo
1254 3417 1281 3467 in
1299 3423 1392 3467 sancto

294 3485 395 3554 templo
416 3501 474 3537 cum
493 3488 590 3540 ceteris
614 3489 797 3541 sacerdotibus
828 3490 943 3541 divinam
967 3505 1023 3540 rem
1043 3489 1173 3552 iaciente,
1201 3487 1345 3552 accideret,
1364 3494 1394 3537 nt

295 3558 364 3611 sacri
396 3557 489 3610 calicis
514 3558 582 3609 dona
609 3560 636 3610 in
662 3568 759 3611 terram
787 3560 987 3612 effunderentur
1013 3576 1158 3628 omnesque
1184 3559 1218 3610 ob
1240 3558 1310 3610 hanc
1337 3574 1393 3609 reus
1439 3606 1446 3621 ,

297 3638 387 3683 essent
408 3629 568 3698 stupefacti,
599 3630 657 3697 ipse
680 3631 750 3682 bono
779 3646 825 3684 eos
853 3633 940 3683 animo
970 3646 1030 3683 esse
1058 3632 1132 3683 iubet
1150 3632 1257 3694 dicens,
1285 3631 1309 3682 si
1329 3628 1393 3681 olim

298 3700 395 3753 Christi
416 3702 523 3769 sanguis
542 3701 667 3769 profusus
695 3702 727 3753 ab
746 3702 851 3756 Iudaeis
877 3702 1049 3755 conculcatus
1068 3705 1123 3765 sit,
1142 3717 1196 3754 non
1215 3717 1280 3754 sane
1300 3702 1392 3752 mirum

297 3787 367 3834 csse,
389 3774 411 3823 si
430 3773 499 3823 idem
519 3773 581 3825 huic
599 3774 722 3841 sanguini
741 3775 774 3826 ab
794 3775 943 3827 hominibus
972 3782 1128 3825 consecrato
1156 3775 1195 3825 sic
1216 3773 1325 3824 fortuito
1345 3788 1394 3821 ae.

297 3843 375 3893 sidat.
413 3843 508 3910 vides,
534 3844 657 3913 qualibus
683 3847 734 3897 iam
754 3847 798 3897 diu
817 3848 987 3912 opinionibus
1013 3847 1116 3898 deditus
1143 3847 1220 3898 etiam
1246 3842 1394 3895 inhaere

296 3914 518 3982 deprehendatur.
538 3932 592 3967 non
611 3919 680 3969 enim
697 3932 793 3985 panem
813 3926 891 3985 atque
911 3920 1002 3969 vinum
1021 3919 1120 3969 sanctis
1140 3916 1307 3969 sacerdotum
1328 3930 1394 3982 pre-

296 3988 370 4040 cibus
390 3996 573 4039 consecratum
591 4003 683 4039 verum
703 4004 800 4054 corpus
821 3998 846 4040 et
865 3990 1020 4056 sauguinem
1033 3989 1131 4041 Christi
1145 3989 1202 4040 heri
1222 3988 1317 4050 credit,
1336 3987 1395 4049 sed,

301 4067 329 4112 ut
346 4060 430 4112 hlium
459 4059 614 4111 inferiorem
640 4061 716 4111 deum
744 4076 803 4113 esse
835 4068 862 4111 et
886 4076 900 4111 a
928 4061 1010 4128 patris
1034 4062 1180 4112 substantia
1207 4060 1343 4120 divorsum
1368 4060 1396 4108 in

297 4130 387 4191 mulus
405 4144 514 4187 suorum
532 4128 659 4186 librorum
679 4133 753 4197 dicit,
772 4134 809 4185 ita
828 4134 906 4185 etiam
926 4133 1010 4183 hocce
1030 4131 1142 4184 inferius
1162 4146 1222 4184 esse
1235 4138 1328 4185 sancto
1347 4129 1396 4182 illo
