3017 4759
327 234 376 331 ’τι
450 260 454 265 ·
627 232 851 357 simpron
883 230 1114 321 carceris
1502 237 1506 314 ι

226 432 230 442 '
325 416 426 507 ἄμφω
447 412 520 485 καθ’
539 418 642 483 ὁπόσα
658 420 711 502 δεῖ
725 422 868 497 μετιέναι
892 412 991 478 ἔπεισι
1014 412 1051 478 τό
1074 414 1127 497 τῆς
1143 395 1341 498 φιλοσοφίας
1363 436 1432 493 μυ-
1504 423 1506 502 t

254 533 258 543 '
321 524 451 606 στηρια.
1505 507 1506 526 ’

260 635 326 695 ΙΙ,
425 620 518 688 Ἀλλοὶ
544 620 663 687 τοότων
688 625 748 703 μὲν
772 615 852 694 όλις.
902 621 976 699 ε’μοό
996 607 1026 681 δ’
1056 611 1100 691 σός
1121 612 1162 679 τό
1184 614 1283 679 πολλό
1307 614 1431 698 σχολὴν

327 721 421 810 ἄγων,
443 717 464 807 η“
485 726 540 787 κατ’
561 722 714 805 α’σχολίας
739 722 912 802 ὑπέρτερον
940 706 1055 794 ἐκεῖνος
1082 718 1216 800 πρᾶγμα
1238 712 1432 797 ποιεόμενος

326 826 516 910 θεραπεύειν
548 828 611 905 ἐμὲ,
636 822 688 886 διὰ
710 826 767 902 σε’,
790 824 913 885 ἐδείκνυ
942 816 1074 904 περιττόν
1097 821 1151 881 κατ’
1181 814 1455 900 περιηγοόμένοςᾶ
1505 835 1506 840 ’

327 927 428 992 όττόσα
451 931 490 1012 τῇ
510 925 594 1013 κη’σρν
617 928 777 1006 περίεστιν
799 914 873 1000 όξια
896 924 985 1000 θέας,
1008 921 1045 984 τό
1069 943 1102 984 τε
1127 911 1209 981 ἄλλα
1230 915 1288 981 κατ’·
1308 910 1372 981 όσα
1399 920 1432 979 έν

326 1026 487 1111 θεάτροις,
515 1029 548 1090 έν
579 1026 728 1108 α’γορόιῑς,
751 1027 785 1088 ἐν
808 1025 1039 1108 δικαστηρίοις,
1064 1019 1099 1084 τό
1123 1023 1157 1085 έν
1176 1021 1352 1099 νομίσμασι
1376 1018 1433 1081 κατ’

326 1130 513 1214 χαρόγμασι
535 1126 598 1215 1τόν
634 1122 757 1191 ἅπαντα
785 1122 900 1208 χρόνον
933 1120 1087 1198 ιόσαότως
1117 1118 1190 1217 ἔχον
1218 1120 1274 1182 καί
1289 1120 1432 1202 μηδαμῇ
1505 1107 1506 1112 ¹

325 1230 399 1313 μηδ’
424 1228 570 1291 ὁπωσοῦν
592 1222 795 1310 τρεπόμενον,
817 1224 873 1287 καί
892 1218 978 1298 όπως
999 1225 1032 1285 έν
1048 1226 1203 1300 σταθμοῖς
1225 1216 1280 1283 κατ’
1297 1221 1431 1299 μέτροις
1505 1285 1506 1302 η

325 1329 509 1411 πλόστιγξιν
536 1324 584 1411 εἴη
614 1325 766 1407 διδόμενα
790 1348 822 1416 τε
850 1327 904 1389 καί
924 1306 1153 1405 λαμβανόμενα
1177 1317 1246 1405 εἴδη
1275 1310 1432 1393 καθάπαξ
1442 1324 1474 1385 io

280 1488 282 1493 .
326 1432 428 1497 ω’νίων
451 1425 599 1513 ἅπαντα,
624 1420 685 1509 οόχ
706 1422 749 1502 cic
778 1428 841 1491 τεόν
862 1424 1103 1507 πιπρασκόντων
1125 1425 1256 1495 ἕκαστος
1286 1416 1431 1503 βούλοιτ’

326 1526 382 1613 όν,
404 1524 473 1595 ἄλλ’
503 1528 546 1604 τός
579 1526 615 1591 τό
648 1529 703 1610 τῆς
736 1527 892 1601 πολιτείας
926 1526 1049 1609 α’ρχαία
1079 1523 1244 1588 κελεόουσι
1271 1519 1433 1604 δόγματα,

326 1636 394 1699 οὐδ’
427 1632 469 1707 σός
489 1634 551 1717 τῆς
567 1632 630 1694 τεόν
651 1628 888 1712 εότυχεστέρων
919 1621 1161 1705 πλεονεξίαςτό
1191 1629 1298 1707 λίχνον
1320 1647 1433 1705 παρα-

325 1732 500 1818 κερδαίνειν
531 1731 653 1809 ἐθέλει,
684 1731 752 1821 ἀλλ’
775 1730 818 1803 τός
840 1725 868 1791 οἱ
891 1736 1026 1813 σωτῆρες
1054 1730 1109 1810 τῆς
1129 1720 1255 1819 ἄνωθεν
1279 1725 1434 1803 εδταξίας

325 1831 555 1917 προστάττουσι
587 1827 676 1908 νόμοι
713 1828 768 1893 τόν
803 1822 926 1893 ἅπαντα
957 1827 1085 1912 χρόνον.
1152 1828 1221 1891 οδδ’
1254 1826 1270 1889 ό
1301 1826 1432 1913 πλοότρτ
1444 1849 1477 1901 15

326 1934 486 2015 προύχων,
510 1931 579 1994 ου’δ’
602 1920 860 2021 ᾦκαθλῆλικίαν
881 1929 1108 2013 προβεβηκέναι
1131 1931 1254 2011 ξυνέβη,
1276 1924 1312 1990 τό
1336 1930 1434 1990 πλέον

326 2031 407 2121 έξειυ
425 2035 458 2095 ἐν
478 2031 604 2106 τοότοις
628 2024 692 2105 οἷός
717 2035 742 2093 τ’
766 2024 806 2093 όν
827 2026 876 2113 εἴη
899 2032 969 2093 ἐκεῖ
987 2016 1050 2093 τεόν
1071 2031 1215 2111 ἡσσόνων
1228 2029 1306 2091 κατ”
1317 2023 1430 2112 ἄμφω.

326 2130 411 2216 ταχό
442 2135 530 2214 μέντ’
563 2126 604 2195 τόν
629 2130 841 2218 ἀφαιρεθείη,
874 2127 901 2194 εἰ
932 2130 976 2213 μη
998 2131 1054 2212 τῆς
1086 2111 1248 2217 κεφαλῆς,
1280 2128 1347 2192 αλλ’
1371 2117 1432 2190 οδν

327 2230 430 2298 ὁπόσα
461 2236 524 2297 τοῖν
554 2236 609 2297 τοό
634 2229 781 2314 σώματος
808 2234 912 2311 μελῶν
942 2229 1022 2295 κατόι
1046 2230 1081 2295 τό
1114 2234 1172 2296 τοῦ
1190 2228 1433 2313 ἁμαρτηθέντος

328 2333 481 2415 οἶνόλογον
510 2330 539 2395 oi
561 2332 648 2413 νόμοι
683 2337 737 2417 τῆς
766 2337 926 2407 πολιτείας
961 2330 1159 2412 κελεόοοσιν,
1194 2323 1279 2403 ὅστις
1311 2324 1479 2404 αότοόςρο

327 2433 516 2519 καπηλεόείν
538 2432 685 2498 όπωοοόν
706 2429 840 2522 τολμρόη.
893 2440 948 2499 κατ’
969 2437 1053 2497 τοῦτ’
1075 2437 1169 2517 ἐστίν,
1189 2429 1295 2515 ἔλεγεν
1313 2434 1434 2503 ἐκεῖνος

327 2539 402 2618 ἐμοὶ
419 2538 578 2619 βεβαιῶν,
601 2531 620 2597 ό
640 2536 820 2616 σωζόμενον
845 2540 904 2615 μὲν
925 2540 1089 2619 συνίστησι
1111 2531 1167 2598 καί
1185 2536 1315 2614 ορνέχει
1336 2535 1435 2594 πολι-
1504 2595 1505 2638 η

317 2840 642 2975 ἀττερλτεφλτίλοεορλτίτε
662 2842 1020 2918 ταςελετίττ,’ρττετττττ’τττ“ορττε
1039 2843 1120 2915 esset,
1139 2845 1301 2917 persc'rnta'ri
1320 2844 1349 2899 in
1368 2844 1434 2900 ε’ττί.

328 2940 397 2977 mum
415 2939 443 2975 ττι
461 2932 562 2977 uceret.

430 3020 482 3074 Sed
496 3020 563 3075 haec
581 3021 720 3074 hactenus.
758 3020 808 3073 ille
826 3014 902 3085 vero,
921 3036 1001 3088 quum
1020 3018 1160 3088 plurimum
1180 3020 1262 3071 otium
1281 3018 1432 3090 operette}
1503 3067 1504 3074 ,

330 3093 507 3158 occupatione
529 3094 587 3160 ipsa
604 3094 783 3159 praestantius
803 3093 915 3145 duceret
932 3100 978 3143 tus
995 3107 1074 3143 causa
1092 3108 1135 3143 mc
1154 3090 1246 3143 colere
1272 3098 1353 3158 atque
1379 3106 1432 3146 cn.

328 3178 399 3225 rare,
419 3179 521 3213 mecum
541 3164 673 3215 circumiit
691 3162 821 3228 insulam,
840 3165 1009 3232 ostenditque
1028 3178 1097 3233 quae
1115 3163 1227 3215 visenda
1248 3158 1328 3214 erant
1348 3177 1432 3228 quum

328 3234 391 3285 eliis
410 3233 488 3295 locis,
507 3241 561 3285 tum
580 3236 607 3285 iu
636 3234 747 3286 theatris
782 3235 846 3287 ioris
871 3236 987 3287 iudiciis.
1022 3236 1181 3287 ruonstruvit
1199 3248 1280 3299 porro
1299 3232 1374 3296 mihi,
1402 3240 1433 3283 ut

328 3305 513 3356 numismatum
526 3313 552 3356 et
570 3314 734 3357 monetarum
744 3307 812 3357 ratio
827 3322 874 3373 per
886 3321 963 3358 omne
982 3322 1077 3359 nevum
1097 3307 1189 3357 endem
1207 3312 1328 3356 muneret
1338 3319 1432 3372 neque
1502 3303 1503 3306 ’

328 3391 444 3444 unquam
453 3391 488 3426 ne
502 3377 636 3427 minimum
648 3377 752 3445 quidem
763 3386 923 3441 mutaretur3
943 3387 972 3429 ut
986 3380 1014 3429 in
1027 3377 1190 3445 ponderibus
1199 3384 1279 3445 atque
1295 3375 1430 3427 mensuris

329 3448 418 3499 omnia
433 3462 520 3498 rerum
540 3447 675 3499 venalium
687 3463 788 3515 genera
801 3450 925 3501 durentur
937 3457 1017 3517 etque
1030 3450 1217 3515 acciperentur
1227 3461 1282 3499 nou
1296 3462 1345 3514 pro
1356 3461 1431 3498 ven.

329 3520 443 3573 ditorum
457 3519 667 3586 uniuscuiusque
686 3519 843 3585 voluntate,
864 3521 911 3573 sed
924 3521 1067 3573 secundum
1086 3527 1192 3572 vetusta
1210 3520 1329 3571 civitatis
1347 3518 1430 3569 insti.

328 3597 395 3655 tuta,
415 3605 470 3641 non
489 3598 568 3656 prout
586 3590 739 3642 divitiorum
758 3593 871 3643 avaritie
889 3600 916 3643 et
932 3592 1045 3644 aviditas
1057 3592 1117 3659 plus
1128 3592 1198 3642 iusto
1214 3589 1311 3642 lucrari
1331 3588 1429 3650 vellet,

328 3662 376 3715 sed
395 3670 475 3728 prout
492 3661 579 3729 leges,
599 3661 758 3730 disciplinae
775 3680 790 3713 a
809 3663 953 3714 maioribus
971 3663 1040 3715 bene
1055 3664 1207 3741 descriptae
1224 3660 1358 3726 custodes,
1378 3675 1430 3726 per

329 3746 407 3783 omne
417 3741 520 3799 tempus
532 3732 663 3785 iuberent.
680 3748 769 3800 neque
780 3734 881 3786 diuitiis
893 3734 1030 3786 excellens
1040 3749 1128 3801 neque
1136 3733 1230 3785 aetatis
1240 3732 1338 3784 robore
1346 3747 1430 3799 prue-
1501 3773 1502 3780 ,

329 3804 399 3855 δίοιτο
415 3803 451 3854 ihi
472 3819 533 3869 eos,
554 3805 599 3872 qui
613 3804 757 3856 inferiores
773 3813 886 3873 utroque
897 3820 999 3873 genere
1010 3806 1072 3870 siut,
1093 3804 1174 3858 facile
1185 3806 1336 3871 opprimere
1346 3810 1430 3870 atque
1501 3805 1502 3828 ³

329 3876 525 3927 circumuenire
544 3877 645 3942 possit;
667 3892 725 3927 nam
737 3877 783 3943 qui
793 3876 870 3944 leges
881 3878 996 3928 civitatis
1009 3875 1054 3929 vel
1073 3877 1182 3928 minime
1191 3876 1307 3943 migrare
1321 3875 1430 3938 audeat,

329 3947 353 3999 is
368 3947 456 3998 statim
472 3949 495 3998 si
513 3962 567 3998 ττοπ
589 3948 686 4013 capite,
707 3956 823 3999 attamen
854 3949 887 3999 iis
907 3949 1030 4000 membris
1061 3948 1181 4013 corporis
1207 3947 1334 3999 multatur
1359 3962 1431 4013 ρττιιε

323 4032 379 4087 -pro
399 4018 503 4069 ratione
522 4017 615 4073 delicti
635 4019 711 4087 leges
730 4018 831 4072 iubent.
870 4020 955 4085 „haec
972 4021 1053 4085 ratio,
1070 4019 1157 4087 inquit
1174 4018 1233 4083 ille,
1254 4020 1334 4071 crede
1351 4018 1430 4080 mihi,

329 4092 353 4145 si
372 4097 511 4154 servatur,
531 4091 671 4159 coniungit
689 4098 769 4159 atque
791 4093 910 4144 continet
929 4092 1053 4145 civitates
1076 4100 1102 4143 et
1121 4090 1212 4156 urbes,
1230 4098 1315 4143 terras
1337 4097 1364 4141 et
1384 4091 1432 4139 iu-

329 4160 401 4221 sulas
422 4163 547 4233 privatim
566 4170 645 4231 atquc
664 4160 788 4230 publice3
807 4166 957 4217 sinautem
976 4165 1117 4229 evertitur,
1141 4162 1196 4213 acri
1221 4164 1323 4234 impetu
1349 4161 1431 4213 etiam
1500 4187 1501 4196 τ
