3017 4759
286 231 359 310 aio
429 301 432 311 .
508 239 512 244 ·
595 233 847 311 'utcmnom
878 213 1108 310 cannonis

284 404 519 490 προαιρίοεως”
540 409 638 491 φησίν
659 406 822 490 ίΝὑσσης
837 408 867 471 Γ
866 391 1013 490 ρηγόριος
1023 399 1123 492 (Ἦσαν
1140 405 1236 491 ἐθέλῃ
1253 406 1398 488 πρᾶγμα

283 505 419 589 γίνεται,
440 505 495 571 καί
523 507 687 572 οοόιοῦται
711 506 747 570 td
769 509 917 592 βούλημα
948 503 1049 582 εὐθυς
1081 501 1178 591 φν’σις
1211 506 1396 588 γινόμενον,

282 609 338 688 τῆς
360 605 606 687 παντοδυνιίμου
631 609 787 692 ἐξουσίας,
811 603 890 689 ὅπερ
914 600 953 671 ίίν
974 609 1084 692 σοφῶς
1106 630 1140 670 τε
1161 604 1215 670 καί
1232 608 1396 688 τεχνικοῖς

198 727 204 736 ’
282 704 437 796 ἒθεληοη,
465 704 510 791 μη
535 705 754 773 ἀνυπόστατον
778 709 927 794 ποιούσης
947 705 983 772 sd
1006 698 1162 791 θέλημαῖ’
1211 705 1305 780 τόπος
1328 701 1395 786 γάρ

157 802 339 871 ἲιλὸθῖκαί
360 811 448 890 λόγος
481 808 586 884 οιίδείς
614 806 729 893 ὁρᾶται
760 808 838 880 κατὰ
870 807 927 872 τὸν
955 812 1044 871 θεῖον
1075 804 1237 890 Κύριλλον
1266 799 1423 886 μεταξιῖῡ

284 911 418 991 ποιητοῦ
438 910 493 970 καί
515 913 695 988 κτιόματος.
739 911 879 996 ἐνέργεια
902 911 930 970 δ’
950 908 1004 972 ἐπί
1026 911 1103 970 θεοῦ
1124 909 1282 970 δέδεικται
1304 899 1395 968 εἶναι

285 1006 304 1090 ἢ
327 1011 391 1072 τῶν
413 1005 558 1090 μεγάλων
581 1011 635 1072 κατ’
657 1011 850 1087 θαυμασίων
871 1005 971 1089 ἔργων
987 1007 1088 1070 αὐτοῦ
1110 1004 1189 1086 πρὸς
1214 1001 1297 1087 ἦμοῖς
1323 1027 1396 1086 φα-

285 1110 428 1190 νέρωσις.
471 1109 572 1171 ταῦτα
596 1109 624 1169 d'
655 1105 723 1172 εὀτί
754 1102 918 1190 ποιήματα
939 1101 1147 1182 κτιστὰςκαί
1168 1104 1296 1188 οὐδαμῇ
1318 1099 1397 1164 θεοί

285 1210 341 1269 καί
356 1205 503 1292 θεότητες
524 1200 676 1272 ἔκτισται.
731 1199 776 1271 οἷν
799 1208 935 1288 ου’δεμία
956 1230 1005 1282 τις
1027 1205 1226 1291 προηγήσατο
1256 1207 1395 1286 κίνησις,

283 1301 323 1390 ἣν
343 1305 505 1392 ἐνέργειαν
523 1307 599 1392 σύγε
621 1304 703 1374 εἶναι
723 1306 938 1384 α’ναπλᾰττεις
973 1310 1029 1372 νῦν
1052 1306 1107 1370 καί
1128 1306 1266 1389 θεότητα
1288 1303 1437 1385 προσ-ἠρ

284 1406 446 1491 αγορείεις
482 1403 626 1474 οἴκτιστον
659 1411 714 1474 καί
740 1413 795 1492 τῆς
828 1411 919 1483 θείας
955 1406 1076 1501 ου’σίαςΙ
1096 1401 1263 1493 διάφορον.
1308 1400 1396 1466 σίνά-

239 1573 242 1577 ,
284 1515 414 1589 πλαομα
436 1503 501 1594 ἄρα
531 1514 589 1592 οἷς
613 1512 754 1585 διανοίας
778 1507 797 1592 ἦ
823 1508 863 1592 οη
886 1510 998 1594 θεότης
1023 1510 1127 1588 ἐστίν,
1160 1498 1225 1569 οἷον
1256 1507 1327 1569 ουδ’
1350 1496 1393 1568 ἂν

284 1607 313 1672 οἱ
335 1608 410 1685 τούς
431 1611 649 1698 τραγελάφους
671 1609 856 1684 πλάττοντες
878 1610 1069 1692 ἐννοήσαιεν.

190 1734 273 1790 108
386 1716 514 1797 Πολλῆς
533 1737 568 1797 γε
595 1712 661 1796 μην
683 1711 858 1786 ε’νστιίσεως
887 1713 949 1775 τοῖν
979 1705 1178 1792 ἑκατέρωθεν
1207 1711 1394 1791 γενομένης,

278 1811 341 1876 ’καί
362 1811 463 1895 λόγων
485 1816 610 1895 συχνῶν
624 1815 827 1877 κενωθέντων
844 1813 930 1887 οἵους
951 1805 966 1874 ὃ
985 1813 1037 1894 τῆς
1052 1807 1156 1894 ἔριδος
1171 1812 1264 1892 μίτος
1285 1809 1395 1894 ὑφαί·
1406 1828 1436 1879 15

286 1936 344 1994 νει,
367 1911 421 1975 καί
441 1906 510 1993 ἅμα
525 1910 667 1993 θοριίβου
688 1914 818 1992 μακροῦ
839 1913 899 1975 τοῖν
920 1912 1055 1991 α’μαθαῖς
1078 1911 1206 1974 ἐκείνων
1220 1935 1394 1994 παρασπι-

287 2012 400 2092 ζόντων
422 2016 465 2100 τῷ
497 2017 644 2100 Παλαμρῖ
678 2014 973 2094 περιβομβὴσαντος
1005 2008 1062 2085 τοὶς
1095 2011 1184 2093 ἡμων
1214 2008 1321 2092 α’κοάς,
1348 2012 1392 2086 αἱς

283 2115 360 2198 μηδ’
385 2109 592 2201 ἐξακούεσθαι
614 2112 812 2177 δυνασθαίτι
834 2113 898 2174 τοῖν
918 2113 1104 2194 λεγομένων,
1128 2113 1312 2192 α’νεχαίτιοε
1337 2109 1392 2175 τὸν

286 2216 402 2296 δρόμον
433 2212 636 2298 ὃΓρηγοροῖς
664 2213 792 2278 ἐκείνων
821 2214 885 2275 τοῖν
909 2208 1062 2293 ἐλέγχων,
1088 2210 1140 2275 ἵνα
1158 2213 1205 2293 ,μὴ
1233 2213 1287 2274 καί
1306 2209 1394 2292 πρό-

288 2317 386 2399 φασίς
407 2339 454 2390 τις
486 2314 660 2398 ὖπονοηται
697 2317 764 2377 ταῖν
786 2315 843 2377 τοῦ
879 2315 1027 2394 Παλαμοῖ
1056 2317 1277 2377 καθίστασθαι
1305 2317 1436 2392 iila-20

259 2405 449 2498 ’σφημιοῖα
500 2419 712 2493 παυσαμένων
732 2412 792 2494 γάρ
817 2416 878 2477 ταῖν
909 2414 1046 2494 ἐλέγχων
1070 2411 1255 2498 φησίν,.καί
1276 2416 1392 2495 μηκέτι

199 2542 215 2553 “
286 2511 321 2578 τὸ
344 2513 470 2593 οίμαθὲς
495 2511 704 2604 ἐρεθιζόντων
733 2516 864 2598 ἐκείνου,
886 2514 1070 2578 παύσεσθαι
1100 2515 1157 2578 καί
1180 2511 1215 2576 τό
1238 2515 1393 2594 πολέμιον

289 2830 348 2884 lieri
368 2838 466 2898 potest.
509 2831 632 2899 impetus·
650 2833 719 2885 enim
749 2833 857 2887 consilii
878 2833 982 2898 divini,
1011 2834 1048 2886 ait
1060 2832 1217 2903 ⁴Gregorius
1241 2833 1391 2900 Nyssaens,

290 2920 349 2956 cum
368 2902 427 2959 vult
444 2918 489 2955 res
507 2903 554 2970 lit,
583 2912 609 2956 et
627 2905 752 2957 voluntas
778 2907 894 2957 essentia
918 2906 1033 2974 allicitur
1061 2907 1098 2961 ita
1117 2913 1146 2957 ut
1165 2905 1251 2958 statim
1272 2905 1317 2958 fiat
1337 2922 1391 2958 na.

289 2982 361 3040 tura,
381 2974 504 3027 voluntas
523 2977 645 3028 nimirum
664 2978 805 3044 potestatis
825 2977 1029 3043 omnipotentis,
1050 2993 1119 3044 quae
1144 2977 1323 3045 quodcunque
1342 2993 1389 3029 sa.

290 3051 396 3115 pientes
425 3056 451 3098 et
469 3047 614 3099 artificiose
642 3047 701 3100 vult
720 3048 821 3112 eflicit,
848 3055 875 3098 ut
896 3049 1020 3099 voluntas
1039 3063 1094 3098 non
1113 3055 1202 3099 careat
1231 3049 1388 3100 substantia.

289 3118 366 3170 locus
387 3120 457 3168 enim
477 3126 504 3168 et
529 3120 597 3169 ratio
614 3119 690 3170 nullo
708 3121 786 3172 modo
816 3120 980 3186 conspicitur
998 3120 1142 3172 secundum
1165 3119 1295 3186 cyrillum
1314 3121 1389 3174 divi.

290 3205 353 3240 num
372 3190 541 3240 intercedens
573 3191 643 3242 inter
671 3200 819 3242 creatorem
839 3199 866 3241 et
885 3199 1019 3242 creatum:
1046 3189 1216 3242 efficientiam
1243 3200 1332 3261 autem
1361 3193 1389 3242 in

291 3260 342 3310 deo
361 3261 565 3310 demonstratum
586 3268 627 3313 est
646 3277 706 3312 esse
726 3263 784 3313 eius
809 3261 1016 3318 declarationem
1039 3277 1195 3332 magnorum
1222 3270 1249 3313 et
1276 3263 1389 3314 mirabi-

290 3329 356 3381 lium
376 3345 486 3395 operam
514 3326 591 3382 nollis
623 3332 734 3384 factam:
763 3333 831 3384 haec·
856 3341 943 3385 autem
967 3341 1029 3386 suut
1053 3347 1134 3400 opera
1168 3341 1272 3386 creata:
1298 3348 1389 3402 neque

291 3416 358 3453 ιειο
376 3399 434 3451 ullo
455 3403 532 3453 modo
557 3403 600 3453 dei
627 3412 654 3455 et
679 3405 833 3455 divinitates
852 3406 1003 3468 increatae,
1027 3405 1122 3472 quibus
1152 3403 1227 3456 nulla
1253 3406 1391 3456 antecedit

290 3474 389 3536 motio,
415 3487 492 3540 quam
516 3480 545 3523 tu
565 3475 670 3540 quidem
699 3475 869 3530 efficientiam
894 3492 953 3528 esse
984 3475 1061 3543 fingis
1085 3490 1156 3527 nunc
1176 3484 1202 3526 et
1221 3477 1389 3528 divinitatem

291 3544 414 3612 appellas
434 3544 577 3596 increatam
597 3554 623 3596 et
641 3545 674 3596 ab
694 3549 810 3598 essentia
829 3547 921 3599 divina
942 3547 1091 3599 diversam:
1118 3547 1190 3599 fictio
1210 3548 1291 3616 igitur
1310 3563 1389 3599 men.

291 3618 326 3668 tis
344 3624 405 3667 tuae
431 3624 472 3668 est
492 3617 626 3668 divinitas'
644 3626 707 3682 tua,
734 3617 838 3686 qualem
862 3635 897 3670 ne
925 3619 1097 3686 tragelaphos
1126 3619 1231 3687 quidem
1256 3619 1389 3687 fingentes

292 3689 445 3756 excogitare
465 3689 577 3755 possint.

389 3786 484 3849 Magna
502 3787 607 3852 quidem
630 3787 801 3852 oppositione
818 3789 899 3854 partis
913 3789 1052 3856 utriusque
1071 3789 1187 3840 iactast
1209 3786 1299 3842 verbis
1320 3803 1388 3840 con.

291 3855 383 3909 sumtis
406 3854 496 3921 quella
521 3858 715 3924 obiurgationis
743 3857 826 3908 lilium
845 3860 979 3924 contexit,
1008 3858 1140 3926 simulque
1158 3859 1272 3910 tumultu
1291 3875 1387 3928 magno

291 3933 386 3978 exorto
405 3925 513 3976 illorum
533 3929 637 3978 indocte
656 3929 835 3980 adiuuantium
856 3929 986 3982 Palamum
1003 3932 1047 3998 qui
1067 3945 1145 3982 aures
1169 3939 1277 3982 nostras
1294 3933 1389 3997 perlo-

291 3999 362 4049 ravit
380 3997 417 4047 ita
435 4004 464 4047 ut
484 4013 571 4064 noque
592 4001 710 4050 exaudiri
729 4008 823 4065 posset
842 4002 983 4070 quidquam
1003 3997 1151 4066 dictorum,
1172 4002 1305 4070 Gregoras
1325 4019 1389 4054 enr-

290 4085 347 4121 sum
366 4068 478 4119 retinuit
495 4078 710 4136 argumentorum
729 4070 852 4135 illorum,
877 4087 912 4123 ne
930 4074 1036 4140 species
1055 4073 1227 4130 stimularetur
1245 4073 1389 4124 convicio.

289 4139 489 4197 cantalenas
520 4148 550 4192 ut
573 4141 770 4194 consisterent:
799 4143 896 4196 etenim
923 4146 946 4198 si
975 4145 1131 4200 desinerent
1155 4152 1322 4216 arguments,
1342 4147 1389 4212 sit,
