3017 4759
262 198 360 271 ‘ott
582 176 809 267 arumnour
840 196 1072 266 aaronitae

283 392 349 451 σιν,
369 361 390 451 ἢ
410 365 458 442 τίς
476 355 517 429 ἂν
534 362 617 447 ’ἔχει
644 363 739 447 χοίρα
765 363 822 429 καί
839 366 934 448 χρεία
961 356 1140 446 βαρβάροις
1168 363 1281 447 φέρειν
1303 356 1394 423 riuti-

284 472 398 552 tietyptoe
418 465 498 549 πρός
514 468 665 531 κίστιυσιν
698 468 763 529 τοῖν
782 464 870 551 αι’τᾷ
897 468 1073 548 λεγομένων
1102 463 1141 529 rui
1162 470 1220 529 τοῦ
1240 464 1392 545 Χριστοῦ

283 570 474 655 παθήματα.
515 566 805 650 προσπαραγράφει
832 567 862 629 δ’
880 558 950 647 ἑξῆς
969 563 1117 647 καὶπερὶ
1138 568 1203 629 ταῖν
1224 564 1293 627 εἰεί
1310 588 1392 645 χρι-

222 708 233 726 1
283 673 431 747 στιαναῑν,
452 663 540 742 ὅπως
559 666 714 740 λαθόντες
733 663 769 743 ἐξ
796 668 943 748 α’πειριάς
964 666 1105 741 ε’τιαίνοις
1127 665 1290 749 ε’ξιίρουσε
1310 670 1391 732 τοῦ-

282 781 353 857 τον,
376 766 477 848 διότι,
496 771 621 853 φασίν,
656 768 869 850 ἀποκηρύττει
899 767 975 841 τους
1003 770 1050 843 είς
1083 767 1308 848 ὖπερκειμὲνας
1330 774 1419 842 ταί5

93 954 97 959 ι
282 869 459 961 ίφειμίνας
476 873 630 951 α’πείρους
649 865 805 952 θεότητας
823 867 878 933 τὸν
900 866 956 931 ἕνα
971 866 1049 932 θεὸν
1073 870 1198 963 ιίσεβός
1220 870 1389 951 διαιροῦν-

174 1049 185 1057 ,
217 987 349 1050 lianc.
390 977 447 1037 καί
466 971 512 1054 μη
535 972 754 1051 α’ποδίχεσθαι
774 972 834 1047 μίν
856 993 934 1053 φησι
959 968 1017 1052 την
1035 970 1098 1032 τοῖν
1121 972 1260 1032 ε’παίνοιν
1278 972 1386 1033 αἰτίαν

282 1075 327 1149 οἷς
348 1074 435 1161 αὐτᾷ
454 1096 491 1155 γε
513 1066 708 1152 ἇλυσιτελῆ,
729 1063 814 1147 ὅμως
835 1074 894 1132 τοῦ
913 1071 1028 1151 καιροῦ
1048 1092 1081 1132 τε
1113 1071 1168 1133 καί
1188 1072 1245 1150 τῆς
1270 1073 1386 1150 χρείας

282 1180 384 1259 ἕνεκα,
402 1177 460 1238 τοῦ
478 1174 655 1251 σιτίζεσθαι
688 1170 770 1251 πρός
793 1173 902 1233 euroin
923 1164 1047 1253 ιληλαιληΙ
1057 1222 1066 1251 ,
1087 1173 1213 1233 σιωπᾶν
1233 1165 1387 1233 ἐπαινεό-

281 1297 376 1360 μενος
395 1276 506 1352 α’ξίους
528 1269 669 1354 κατάρας
689 1267 851 1345 ἐπαίνους·
892 1271 948 1335 τόν
966 1270 1027 1354 γιὶρ
1046 1275 1108 1334 ταῖν
1128 1269 1270 1351 eiusfinis
1290 1265 1388 1332 ἔπαι-
1399 1294 1436 1348 1⁰

284 1401 337 1443 νον
360 1374 576 1459 α’πατηθίντες
609 1374 772 1446 ιίνοικειλας
798 1372 924 1435 tartaro
961 1370 1066 1457 αὐτῷ,
1098 1370 1297 1452 ἐπειρόμενοι
1324 1373 1386 1451 μὲν

283 1478 385 1541 oritoni
410 1479 451 1563 τῇ
479 1473 634 1561 πολυθεΐρ
656 1474 784 1550 ε’κετνοι,
805 1474 990 1555 α’γνοοῦντες
1013 1476 1042 1535 δ’
1064 1468 1107 1546 ὥς
1137 1471 1232 1545 αὐτός
1253 1468 1339 1536 ἐστιν
1359 1460 1386 1559 ᾧ

283 1580 476 1660 ε’παραῖνται.
532 1568 617 1638 οὗτοι
641 1571 803 1648 πολύπους
831 1578 879 1647 τίς
900 1574 985 1637 ἐστιν
1013 1569 1248 1655 ὅκατόρατος,
1272 1574 1326 1637 κατ’
1349 1574 1384 1637 τὸ

158 1706 173 1747 ’.·
280 1681 399 1763 χρῶμα
422 1678 479 1760 τῆς
499 1676 625 1760 γνώμης
637 1668 784 1746 rimatos
810 1673 866 1737 καί
898 1676 1072 1757 α’βὲβαιος·
1115 1677 1170 1737 καί
1188 1683 1255 1749 τοῖς
1277 1666 1384 1739 ἄλλοτ’

283 1772 393 1852 όλλοις
417 1785 539 1859 καιροῖς
559 1798 595 1838 τι
617 1780 674 1839 καί
695 1774 860 1858 πράγμασι
873 1773 1118 1861 προσφοόμενος
1139 1775 1219 1856 πρὸς
1240 1775 1383 1860 διάφορα
1398 1792 1433 1847 15

285 1878 341 1943 καί
358 1874 528 1959 μαχόμενα
550 1877 707 1959 χροίματί
723 1898 759 1938 τε
779 1876 836 1939 καί
856 1876 1001 1961 σχήματι
1022 1875 1149 1959 γνοίμης
1170 1875 1225 1940 καί
1243 1875 1385 1959 γλοόττης

282 1980 403 2069 ῥηιδίως
422 1975 669 2059 μεθαρμόζεταί
685 1999 720 2041 τε
740 1978 795 2039 καί
813 1980 1144 2060 μετασχηματίζεται·
1194 1980 1251 2041 καί
1268 1982 1308 2063 τῇ
1327 1980 1384 2042 τοῦ

282 2080 397 2174 κυρίου
413 2081 543 2168 παιδεία
564 2082 787 2143 νουθετεῖσθαι
810 2078 869 2142 oria
893 2076 987 2159 οἶδεν,
1010 2078 1080 2141 ἄλλ’
1101 2071 1206 2161 ὅσπερ
1226 2072 1266 2143 ἂν
1287 2076 1384 2155 εἴτις

283 2182 348 2246 τοῖν
369 2178 594 2264 ίνιλροφίνεον,
623 2176 775 2260 α’γόμενος
803 2181 849 2253 είς
880 2178 1098 2261 δεσμωτήριον
1128 2176 1211 2246 οῗστε
1232 2180 1382 2243 δεήσαντα

281 2288 462 2366 σωφρονεῖν
482 2283 541 2345 τοῦ
562 2280 676 2344 λοιποῦ.
705 2280 761 2344 καί
781 2282 927 2367 λῃστείας
956 2280 1156 2364 α’φίστασθαι
1177 2277 1290 2363 πάσης,
1312 2277 1331 2341 ὃ
1352 2284 1427 2351 δ’νο

282 2379 402 2457 notorie
422 2403 456 2445 τε
479 2380 610 2465 ε’φόνευε
626 2379 701 2456 roric
723 2380 904 2464 ἀπάγοντας
928 2381 985 2445 καί
1002 2375 1065 2469 ὅπερ
1086 2373 1125 2443 ἂν
1147 2379 1294 2471 α’παντρὶη
1317 2382 1380 2445 τῶν
1438 2415 1442 2419 ·

281 2478 482 2563 παριόντων,
503 2474 594 2562 [uitro
613 2481 669 2545 καί
691 2473 786 2557 οὗτος
812 2474 887 2546 οὔτε
917 2482 1126 2563 κολαζόμενος
1156 2486 1283 2567 φρίττει
1307 2475 1380 2545 οὗθ’

281 2576 344 2644 aino*
367 2584 446 2645 θεοῦ
466 2578 714 2662 νουθετούμενος
731 2585 952 2663 νονθετεϊται,
981 2581 1051 2645 ἀλλ’
1075 2577 1248 2658 αἰίλιστος
1269 2584 1304 2645 ἐν
1325 2604 1380 2644 νιο-

281 2681 440 2771 λαστηρίιρ
460 2686 550 2763 μένει
579 2678 637 2765 τήν
658 2680 803 2768 γιοίμην,
828 2681 1021 2777 ἀπαίδευτος
1053 2684 1083 2746 δ’
1105 2685 1141 2749 ἐν
1162 2686 1380 2773 παιδευτηρίριΙ

281 2991 368 3047 debat.
388 2991 458 3045 baee
474 2997 537 3044 snut
554 2991 698 3044 eoniuneta
714 2990 853 3043 mendacia
871 2992 979 3059 ineptae
996 2989 1071 3043 iliius
1089 2990 1210 3060 linguae.
1227 2992 1289 3060 quis
1310 2992 1379 3045 enim

281 3080 362 3118 ausus
378 3064 462 3117 inerit
480 3063 512 3116 ad
532 3062 617 3115 rerba
636 3079 684 3116 sna
701 3062 820 3115 turbaris
838 3061 983 3129 probantia,
1002 3064 1025 3114 si
1045 3064 1152 3115 aeconio
1172 3064 1248 3116 adast
1265 3064 1311 3117 vel
1328 3080 1380 3116 ne-

282 3137 395 3188 eessitas
415 3134 515 3188 christi
543 3136 682 3200 passiones
707 3136 734 3186 in
761 3132 911 3201 exemplum
941 3148 1082 3186 revocare.
1130 3143 1270 3201 praeterea
1288 3136 1381 3187 scribit

282 3208 315 3258 de
336 3204 495 3258 Christianis
512 3203 589 3257 iliius
606 3206 736 3273 regionis,
755 3206 827 3276 quod
845 3204 917 3257 buno
932 3206 1020 3273 ignari
1039 3204 1161 3258 laudibus
1174 3206 1297 3270 efferunt,
1319 3207 1380 3275 quia

282 3276 421 3328 annuntiat
447 3288 513 3338 eos,
539 3276 585 3344 qui
603 3274 632 3326 in
649 3277 791 3343 superiora
819 3285 846 3329 et
870 3277 999 3328 iuferiora
1024 3277 1113 3329 invisa
1133 3278 1240 3329 numina
1258 3278 1379 3343 improbe

281 3347 404 3401 dividunt
422 3359 504 3395 unum
530 3347 617 3398 deum.
656 3355 683 3398 et
700 3363 731 3399 se
748 3363 804 3399 nou
822 3349 947 3414 accipere
966 3348 1031 3399 dicit
1048 3346 1142 3400 laudes
1164 3348 1283 3401 inutiles.
1319 3364 1378 3401 uam

280 3418 402 3470 virorum
421 3416 525 3482 piorum
543 3416 649 3469 laudem
667 3418 773 3485 decepti
803 3424 830 3470 et'
849 3418 916 3471 falae
937 3420 963 3470 ei
982 3418 1161 3486 praestabant.
1199 3420 1379 3472 exsecraban.

280 3496 324 3541 tur
344 3489 402 3541 eius
420 3486 562 3539 multorum
580 3488 691 3540 deorum
710 3488 820 3555 auitum,
839 3490 886 3543 aad
906 3505 964 3541 eum
989 3491 1085 3556 ipsum,
1105 3506 1182 3559 quem
1203 3506 1379 3543 exsecraren-

279 3568 323 3611 tur
340 3558 523 3612 nesciebant
543 3567 583 3612 tot
602 3559 683 3611 habet
700 3561 782 3628 pedes
801 3563 834 3625 ia,
854 3576 931 3630 quem
957 3570 1138 3614 exsecrantur.
1178 3571 1205 3614 et
1223 3562 1299 3615 color
1318 3564 1380 3631 opi.

279 3631 369 3684 uiouis
389 3638 430 3683 est
448 3630 566 3682 intimans
587 3639 613 3682 et
634 3633 733 3683 rarius.
754 3639 782 3683 et
799 3632 860 3684 aliis
880 3632 1044 3699 temporibus
1065 3633 1181 3701 aliisque
1199 3635 1227 3687 in
1246 3633 1326 3686 rebus
1348 3635 1379 3686 ud

279 3702 386 3755 diversa
406 3710 433 3753 et
459 3703 604 3771 pugnantia
630 3702 742 3755 inclinat
767 3704 837 3771 quod
861 3704 893 3755 ad
913 3702 1029 3755 habitum
1049 3703 1221 3773 coloremque
1247 3706 1378 3773 opinionis

279 3780 360 3841 atque
377 3772 487 3841 linguae
508 3776 612 3826 attinet.
632 3782 747 3827 mutatur
764 3784 851 3829 autem
871 3774 1005 3844 aliamque
1024 3776 1122 3842 accipit
1141 3776 1259 3828 formam.
1284 3784 1311 3829 et
1329 3778 1379 3829 do.

279 3844 345 3895 mini
364 3844 531 3897 institutione
551 3846 686 3899 emendari
709 3846 805 3899 nescit.
825 3847 872 3898 sed
891 3847 1108 3915 quemadmodum
1125 3850 1149 3900 si
1169 3851 1229 3917 quia
1248 3849 1378 3901 homicida

203 3958 206 3963 .
281 3914 412 3967 deductus
431 3914 460 3966 in
479 3932 614 3969 carcerem
640 3920 749 3970 nescius
768 3919 796 3968 in
813 3918 902 3971 futuro
921 3933 986 3970 suna
1003 3926 1093 3971 mente
1122 3920 1161 3971 uti
1180 3927 1207 3973 et
1227 3922 1288 3973 exui
1307 3922 1376 3972 omui

282 3984 443 4048 latrocinio,
471 3987 518 4039 red
544 3988 617 4055 ipsos
636 3988 718 4042 duces
744 3989 872 4042 interficit
900 3996 926 4041 et
944 4006 1129 4059 quemcunque
1153 3992 1377 4060 praetereuntium

284 4060 418 4127 attingere
437 4065 544 4128 potest,
564 4061 601 4110 ita
619 4061 699 4112 otiam
727 4059 776 4112 iilo
794 4062 900 4127 punitus
919 4075 973 4113 non
998 4064 1087 4115 tremit
1106 4068 1133 4113 et
1157 4078 1173 4113 a
1191 4063 1241 4116 deo
1263 4064 1376 4115 monitus

283 4140 339 4183 non
357 4133 489 4199 mouetur,
507 4128 555 4187 aad
573 4128 701 4185 indomita
718 4131 848 4200 opinione
871 4134 898 4186 in
920 4144 1030 4191 aeroma
1046 4138 1151 4203 manet,
1170 4148 1229 4189 uon·
1244 4135 1376 4191 institutus
