3017 4759
309 206 358 283 82
494 208 496 217 ’
611 206 836 279 nrcsrnoat
865 201 1099 277 uuonan

309 472 443 558 ρῆσεοτν,
465 470 522 539 τόν
533 477 592 555 μὲν
605 478 741 557 παντελῆ
762 476 818 557 τῆς
830 475 996 557 οἰκοδομῆς
1011 462 1284 556 έτείνηςιόλεθρον
1298 490 1414 551 προει-

306 573 437 655 πόντος,
459 572 516 659 τῆν
551 578 582 638 δ’
605 573 781 656 δναβίεοσιν
804 575 933 660 οόδαμῆ
961 595 997 656 γε
1030 566 1414 656 „pretermittimus

309 700 325 741 o
346 674 422 753 θεός
443 679 600 742 ένταυθοῖ
618 677 741 759 πρῶτον
763 672 863 739 αότόν
891 674 945 739 τόν
971 670 1030 749 τάς
1048 677 1200 755 μαντείας
1220 672 1413 753 ὑπέκκαυμα

307 780 365 863 τῆς
387 777 443 841 rori
459 778 602 859 διωγμοῦ
623 775 740 862 φλογός
756 775 990 858 παρεισάγοντα
1001 770 1084 839 κατά
1104 779 1162 857 τῆς
1180 771 1346 856 εδσεβείας
1366 774 1437 861 xpo

307 882 438 961 βασιλεῖ
466 877 647 960 χλευάζων,
685 879 741 943 καί
772 881 827 959 τῆς
848 876 1104 959 όνειροσκοπινιῆς
1131 871 1234 939 odiosi
1255 878 1412 957 λαμπρῶς

308 976 535 1062 όναμοχλεόων
555 975 628 1053 τοός
639 981 802 1060 τρίποδας,
821 979 878 1041 τοό
891 977 1039 1058 ποιμνίου
1050 978 1216 1057 πέπραγεν
1235 976 1411 1058 α’λλότρεον,

174 1083 195 1140 l·
210 1079 260 1139 114
271 1081 298 1137 b·
309 1076 426 1159 α’νάξια
450 1081 573 1163 δρῶντα
595 1080 618 1119 ‘⁴
648 1081 856 1161 ποιμαντικῆς
887 1075 1013 1165 άπάσης
1040 1074 1095 1141 ταί
1114 1077 1196 1140 θεοῦ
1204 1122 1215 1156 ,
1238 1078 1413 1159 μονονουχὶ

306 1184 369 1248 τῶν
392 1177 587 1266 πραγμάτων
608 1181 756 1261 βοώντων
775 1179 881 1244 αδτῶν
904 1178 948 1254 ὥς
971 1180 1069 1261 έχρῆν
1088 1180 1148 1258 μὲν
1168 1172 1231 1239 sind
1252 1179 1412 1257 βασιλέως

306 1284 361 1366 τῆς
378 1283 582 1363 ποιμαντιτῆς
611 1280 805 1358 ἐξωθεῖσθαι
825 1277 881 1343 τόν
904 1278 1006 1360 άσεβῆ
1027 1281 1184 1358 ποιμένα,
1205 1277 1278 1343 ε’πεό
1298 1276 1326 1337 δ’
1341 1273 1456 1339 intro

307 1386 367 1447 τοῦ
386 1378 529 1461 κολάζειν
558 1379 632 1444 ddi
659 1381 714 1445 καί
746 1386 940 1465 στεφανίτην
973 1381 1130 1459 άνέδειξε,
1151 1374 1257 1442 κοινόν
1288 1375 1414 1459 άμφοῖν

306 1480 417 1568 ἐπάγει
437 1480 549 1547 λοιπόν
572 1481 589 1545 ό
612 1480 689 1557 θεός
709 1482 765 1565 τῆς
786 1483 902 1564 ζημίας
920 1480 976 1564 τῆν
997 1477 1108 1563 δίκην,
1139 1478 1320 1563 μηλόβοτον
1351 1480 1412 1557 μέν

307 1585 509 1668 καταστήσας
531 1582 587 1669 τῆν
607 1581 709 1668 πόλιν,
729 1581 785 1647 τόν
805 1584 842 1646 δέ
863 1579 938 1646 λαόν
962 1585 1026 1667 φεῦ
1047 1582 1195 1667 πανταχῆ
1216 1579 1412 1662 διασπείρας

309 1689 363 1767 τῆς
384 1689 582 1769 οἰκουμένης,
616 1686 657 1749 ἵν’
683 1680 857 1749 αἴσθωνται
886 1679 997 1757 πάντες
1020 1681 1103 1763 όμοό
1123 1706 1156 1746 τε
1187 1686 1250 1747 τῶν
1270 1682 1413 1764 ἐλέγχων

307 1787 363 1867 τῆς
383 1786 538 1870 α’σεβείας,
560 1784 614 1849 καί
635 1778 686 1851 οἷο
706 1789 770 1849 τῶν
787 1786 931 1867 πονηρῶν
952 1785 1144 1866 σπερμάτων
1160 1781 1224 1848 εἰσί
1246 1778 1287 1846 τά
1307 1780 1456 1865 remp-15

308 1907 372 1970 για,
397 1878 418 1966 ἢ
437 1888 558 1965 μᾶλλον
577 1882 614 1948 τά
637 1886 700 1949 τῶν
719 1882 899 1964 μελλόντων
910 1886 1023 1948 δεινῶν
1045 1887 1213 1967 προοίμια.

242 1999 300 2053 lo
410 1981 505 2050 Μετά
540 1987 650 2066 μέντοι
683 1982 740 2067 τῆν
773 1987 908 2067 παντελῆ
941 1988 996 2067 τῆς
1023 1982 1216 2066 Ἡρακλείοις
1249 1978 1414 2069 έρῆμωσιν

305 2084 363 2153 ναί
391 2076 552 2151 άπάλειαν
588 2086 766 2171 α’φικέσθαι
787 2082 877 2163 ἔδοξε
901 2089 1053 2159 Λατίνοις
1083 2083 1137 2148 κατ’
1158 2086 1271 2167 στῆναι
1293 2081 1414 2157 πάσαις

306 2186 392 2269 όμοό
413 2195 482 2261 ταῖς
511 2188 608 2251 ναυσί
634 2183 721 2272 παρά
754 2187 789 2251 τό
822 2188 880 2251 τοό
906 2187 1059 2261 Εόξείνου
1087 2184 1201 2260 πόντου
1231 2183 1336 2266 στόμα
1358 2188 1416 2248 καί

308 2288 383 2363 νοός
406 2286 507 2353 ἐκεῖσε
530 2292 677 2369 λιμένας,
716 2288 755 2351 od
793 2282 876 2351 πάνυ
911 2290 1018 2374 πολλῷ
1045 2284 1110 2351 τινί
1120 2276 1331 2369 ’διαστήματι
1356 2287 1459 2349 radio

308 2390 339 2453 Γ
338 2380 547 2469 αλατωνόμσυ
581 2390 740 2478 φρουρίου
774 2389 966 2471 άπέχσντας,
995 2389 1142 2453 τάκεῖθεν
1171 2390 1246 2470 περί
1266 2388 1414 2453 σπονδῶν

308 2489 387 2577 πρός
398 2494 533 2571 βασιλέα
549 2490 796 2575 πρεσβεύεσθαι.
817 2490 873 2553 καί
882 2491 994 2571 ,μέντοι
1008 2492 1064 2553 καί
1076 2484 1247 2574 ἐληλυθόσι
1261 2490 1415 2571 προσετέ·

308 2596 414 2677 θησαν
452 2593 545 2677 σφίσι
574 2589 629 2655 καί
663 2588 769 2678 ἕτεραι
803 2590 943 2677 τριῆρεις
968 2594 1075 2673 πέντε,
1112 2584 1229 2667 ἄλλους
1256 2612 1291 2655 τε
1314 2584 1415 2673 ἔχου.

308 2886 387 2949 parte
400 2880 537 2944 foedauit,
550 2895 602 2948 qua
621 2880 734 2931 maximo
753 2878 901 2932 salvatoris
919 2880 1134 2964 praedictiones,
1154 2880 1200 2949 qui
1222 2877 1330 2963 planum
1348 2878 1413 2962 qui-

311 2954 371 3007 dem
389 2952 462 3003 aedis
483 2952 616 3004 excidium
640 2952 857 3019 praenuntiavit,
877 2952 1101 3005 resurrectionem
1125 2959 1214 3002 autem
1234 2952 1292 3002 eius
1318 2951 1413 3001 neuti-

312 3040 390 3094 quum
409 3023 523 3088 addidit,
542 3024 635 3075 audire
655 3031 734 3106 atque
754 3021 913 3090 intelligere
931 3022 1080 3086 debebant,
1098 3023 1137 3075 sic
1157 3024 1236 3076 etiam
1262 3021 1327 3075 deus
1348 3031 1413 3075 tune
1506 3043 1507 3048 ¹

311 3097 390 3147 istum
409 3093 559 3159 hominem,
584 3095 629 3162 qui
649 3094 779 3147 vaticinia
797 3104 922 3161 tanquam
941 3094 1059 3146 fomitem
1077 3094 1272 3178 persecutionis
1292 3094 1319 3145 in
1339 3093 1411 3145 reli.
1506 3131 1507 3144 ι

311 3166 420 3233 giouem
437 3132 590 3231 imperatdri
609 3166 718 3228 iniecit,
737 3168 765 3217 in
782 3165 926 3219 ludibrium
944 3166 1074 3218 vertendo
1095 3167 1208 3235 eiusque
1231 3166 1335 3217 somnia
1359 3165 1412 3215 tri-

311 3236 449 3303 podesque
470 3234 609 3301 splendide
629 3200 809 3289 conre'lleado
824 3253 839 3287 a
857 3252 941 3307 grege
961 3236 1134 3319 abalienavit,
1153 3234 1282 3304 pastorali
1299 3251 1412 3288 munere

313 3314 341 3357 et
358 3305 408 3357 deo
428 3306 537 3375 indigna
557 3307 715 3370 facientem,
729 3314 831 3359 tautum
849 3323 902 3359 uon
921 3301 1077 3374 rebusipsis
1097 3307 1281 3371 clamantibus,
1300 3308 1412 3374 impium

311 3384 446 3447 pastorem
468 3376 501 3429 ab
528 3379 688 3443 imperatore
713 3387 884 3446 apastoratu
902 3379 1093 3432 removendum
1122 3393 1191 3433 esse
1238 3394 1318 3447 quum
1342 3392 1411 3431 vero
1506 3393 1507 3448 ρ

311 3448 372 3513 hie,
398 3464 476 3518 quem
495 3448 611 3501 multare
629 3449 760 3515 debebat,
780 3466 840 3503 cum
859 3452 925 3503 adeo
945 3452 1077 3503 rictorem
1101 3450 1324 3518 proclamaverit,
1345 3450 1411 3501 deus
1506 3453 1507 3512 j

310 3522 362 3575 λεια
383 3535 528 3573 comnenae
547 3520 674 3573 ambobus
692 3523 819 3574 iudicium
839 3537 1059 3589 communemque
1077 3537 1190 3589 poenam
1209 3522 1325 3585 adducit,
1344 3520 1412 3571 urbe

311 3593 407 3647 ovibus
427 3608 475 3660 pro
503 3606 603 3661 pascuo
622 3593 697 3658 data,
723 3593 874 3645 hominibus
895 3593 979 3646 eheu!
999 3608 1048 3661 per
1067 3602 1150 3645 totum
1169 3593 1261 3645 orbem
1279 3594 1412 3648 terrarum
1506 3599 1508 3632 t

311 3665 455 3733 dispersis,
482 3673 512 3715 ut
530 3678 622 3735 omnes
649 3679 695 3715 cos
721 3661 866 3732 impietatis
886 3666 1024 3717 convictos
1051 3679 1111 3717 esse
1129 3667 1262 3717 sentirent
1279 3671 1307 3715 et
1325 3679 1412 3733 quae-

311 3750 371 3787 nam
392 3734 520 3787 malorum
540 3732 668 3788 seminum
688 3735 833 3805 frugesrel
853 3737 942 3805 potius
960 3736 1107 3789 futurarum
1122 3736 1301 3789 calamitatum
1320 3742 1413 3787 esseut

311 3804 497 3873 praelusioues
517 3816 722 3876 cognoscerent.

413 3900 555 3954 Heraclea
565 3903 683 3955 funditus
701 3912 806 3957 vastata
824 3911 852 3955 et
870 3904 959 3956 deleta
968 3904 1068 3958 Latinis
1088 3902 1191 3971 placuit
1210 3919 1269 3955 mm
1288 3901 1413 3954 omuibus

311 3973 427 4027 navibus
446 3973 479 4025 ad
497 3975 572 4041 ponti
583 3974 681 4027 Euxini
702 3978 798 4029 ostium
817 3975 1055 4044 eiusqueregionis
1072 3982 1176 4043 portus,
1194 3976 1297 4027 nonita
1313 3988 1412 4044 magno

310 4043 459 4101 interuallo
479 4060 495 4096 a
516 4043 628 4097 castello
640 4046 750 4101 Galatae
769 4047 907 4111 distantes,
926 4062 1032 4099 cursum
1041 4047 1161 4115 dirigere
1180 4056 1207 4098 et
1221 4046 1285 4099 iude
1303 4046 1338 4098 de
1349 4046 1413 4099 ioe-

311 4120 376 4181 dero
394 4133 457 4173 cum
475 4118 637 4191 imperatore
654 4134 746 4193 agere
767 4133 820 4191 quo
839 4120 1069 4194 qunmaenisscat
1084 4117 1226 4175 additae”
1207 4133 1242 4171 ua
1260 4118 1414 4191 mugnia-
