3017 4759
222 233 445 353 mesonma
469 231 729 312 auditumst
750 225 874 309 tlttxtt
896 217 1083 305 'dl-37.
1145 176 1247 310 dds!

125 401 183 468 κατ’
205 402 372 468 σκοτεινοόν
394 399 495 482 λόγων
514 399 572 464 καί
587 397 782 480 αἰνιγμάτων
802 398 1075 481 προενηνεγμὲνης,
1098 397 1139 470 τός
1158 423 1222 481 μγ·
1288 395 1290 400 ’

122 504 179 566 sss
199 497 482 586 ἀναμφισβήτητον
498 493 578 570 εἶναι
602 503 709 580 λαβεῖν
727 503 760 575 ς”ξ
781 498 878 580 αὐτῆς
902 495 957 562 τόν
981 496 1146 564 όκοόοντα.
1169 497 1222 564 διὰ

123 603 201 684 γοῦν
222 603 326 668 ταῦτα
352 599 438 682 κόγοδ
469 603 594 668 σιωπᾶν
630 597 808 684 ἐβουλόμην
837 596 936 673 κότός
967 598 1128 664 ἐνταυθοῖ.
1172 596 1226 662 καί

126 702 171 786 μὴ
194 699 293 782 μόνον
321 703 360 764 δι’
382 695 404 764 d
425 701 772 786 προαπηριθμησόμην,
794 695 898 782 ότιμιγ
920 699 976 766 ests*
994 689 1100 764 sillum
1121 699 1223 781 δήπου

98 803 284 870 semlerus
305 799 407 868 ἕνεκα.
452 805 505 869 καί
531 799 594 884 γόρ
620 801 697 869 ἔνιοι
716 803 775 882 μὲν
805 803 964 888 σαφηνείᾳ
982 798 1122 884 γλιόττης
1146 797 1224 863 ἔνιοι

124 906 157 966 δ’
180 898 291 986 ἥκιστα
312 905 490 986 κέχρηνται,
515 907 570 970 κατ’
590 903 620 967 εἶ
640 900 684 984 μὴ
708 909 778 976 ταῖς
799 902 944 980 ἐννοίαις,
968 901 1037 964 ἀλλ’
1056 891 1114 965 nair
1129 904 1170 985 τῇ
1188 921 1224 982 γε

121 1007 208 1082 ,λέξει
240 1001 298 1066 ’κατ’
329 1005 371 1088 τῷ
403 1004 458 1084 τῆς
486 1000 635 1087 φρόσεοις
669 1000 807 1086 σχήματι
833 1004 1043 1086 ,διευγνόχθαι
1075 1003 1224 1064 δοκοῦσιν

128 1105 261 1185 ἐνιαχοῦ
288 1110 353 1176 τοῖς
387 1104 523 1182 α’μαθοδς
551 1127 584 1168 τε
615 1102 670 1170 καί
698 1105 862 1184 ἐριστικῶς
893 1111 964 1176 ταῖς
984 1109 1127 1186 γραφαῖς
1149 1099 1225 1180 όμι-

128 1206 246 1272 λοῦσιν.
268 1204 326 1278 ,καί
346 1195 448 1278 ἄλλως
460 1209 519 1284 μὲν
537 1196 582 1280 οἷς
604 1202 643 1272 τό
667 1205 739 1286 περί
760 1201 875 1271 τοότου
900 1205 967 1276 παῖς
984 1205 1045 1284 μὲν
1064 1199 1288 1284 &amussi-u
1339 1236 1345 1249 ι

85 1305 194 1382 wisse
218 1307 283 1378 ποός
305 1306 335 1369 δ’
358 1303 553 1387 α’ναγιογικόν
573 1329 645 1372 τινα
676 1309 776 1390 λέγειν
795 1298 914 1387 τρόπον
934 1303 990 1370 καιΙ
1011 1296 1224 1388 ἀλληγοροῦν-

128 1428 185 1480 τας
205 1404 354 1481 διεξιέναι
377 1400 515 1484 ἔπεισιν,
544 1399 646 1478 ἄλλως
669 1407 704 1471 δὲ
734 1412 800 1478 τοῖς
830 1403 938 1478 ἁπλοῖς
965 1399 1151 1488 ἑρμηνεύειν
1172 1407 1226 1467 κατ’

121 1507 309 1588 ἐξηγεῖσθαι
330 1509 551 1586 προελομένοις
566 1503 664 1586 μόνας
685 1503 786 1576 adroic
810 1506 868 1569 τοῦ
882 1506 1065 1584 εόαγγελίου
1084 1499 1142 1576 τοὶς
1164 1500 1226 1586 ῥή-

122 1629 195 1680 σεις
216 1607 399 1689 φιλοτιμίας
423 1604 548 1688 ἁπάσης
574 1602 678 1686 ἐκτός,
710 1607 765 1669 καί
786 1598 1040 1688 οἷνακαλόπτειν,
1059 1597 1132 1667 όοον
1152 1601 1225 1688 ἐφι,

128 1703 223 1785 νιτόν,
256 1703 312 1770 τόν
333 1707 509 1788 ἐγκείμενον
535 1716 604 1782 ταῖς
627 1712 729 1786 λέξεσι
753 1707 829 1768 νοόν
854 1704 1016 1788 ἀκριβῶς,
1048 1704 1105 1768 καί
1132 1709 1226 1770 πλέον

81 1799 225 1882 maridis
248 1811 425 1888 περαιτέρω
454 1809 578 1890 ζητεῖν·
631 1803 734 1882 ἄλλοις
767 1808 802 1870 δὲ
826 1812 890 1878 τοῖς
922 1809 979 1868 νῦν
999 1808 1054 1870 ε’πί
1072 1803 1226 1887 συγχύσει

127 1909 181 1988 τῆς
202 1903 365 1986 εὐσεβείας
387 1906 572 1990 ε’πιφνεῖσιν
595 1907 750 1990 α’σεβέσιν,
774 1907 808 1972 oi
824 1903 879 1990 τὴν
891 1909 970 1987 μιάν
989 1897 1136 1971 οἴκτιστον
1151 1902 1228 1969 δεό-

129 2031 204 2090 τνγτα
229 2002 307 2088 πρός
327 2008 479 2089 α’·πείρους
506 2007 560 2072 καί
587 2011 767 2094 διαφόρους
789 2012 962 2089 τέμνουσι,
985 2006 1040 2072 καί
1059 2000 1127 2087 ἅμα
1145 2006 1225 2090 όροῖν

131 2107 294 2189 αἰσθητοῖς
325 2106 506 2190 ὀφθαλμοῖς
538 2111 755 2192 ε’γκαυχιόνται
787 2113 842 2174 καί
860 2107 982 2188 όμιλεῖν
1006 2110 1038 2184 ἐξ
1064 2105 1151 2172 οἴνου
1173 2106 1229 2184 καί

129 2211 255 2292 τρυφῆς
274 2211 481 2290 Παλαμικῆς,
501 2206 537 2276 όν
559 2209 716 2275 ἀδύνατον
738 2213 818 2277 ἰδεῖν
832 2208 1061 2291 μεμαθήκαμεν
1080 2209 1153 2292 μήτ’
1169 2209 1226 2273 α’ν-

78 2309 269 2392 posuerimus
289 2305 362 2390 μήτ’
385 2309 524 2391 α’γγέλων
547 2311 678 2376 ου’δὲνα·
730 2306 833 2386 ἄλλους
857 2313 886 2374 δ’
908 2302 1004 2384 αόβις
1024 2316 1090 2383 τοῖς
1110 2303 1225 2390 iuopi-

130 2431 195 2481 νοις
214 2405 389 2488 βανοιόσοις
409 2412 464 2472 καί
485 2414 741 2492 τριωβολιμαίοις
775 2408 993 2494 γοναικοιρίοις
1016 2413 1072 2473 κατ’
1102 2403 1225 2492 ἄνδρα·

132 2513 223 2592 ριόις.
274 2501 317 2584 οἷς
347 2503 428 2574 εἶναι
457 2513 657 2588 πολλαπλοῦς
684 2511 739 2578 κατ’
764 2515 942 2589 πολυειδεῖς
974 2509 1050 2586 νοός
1077 2513 1226 2581 όντεόδεν

132 2799 249 2868 ambigui
277 2799 398 2868 quiddam
416 2798 479 2851 inde
499 2808 616 2867 caperet.
660 2801 806 2871 eademque
824 2801 857 2854 de
878 2817 958 2855 eausa
986 2815 1038 2868 ege
1057 2816 1164 2870 queque
1182 2811 1227 2855 ta.

133 2887 195 2924 cere
213 2870 250 2923 ibi
269 2869 398 2925 malebam
417 2871 497 2940 idque
513 2886 567 2922 uun
579 2871 666 2925 sulum
684 2882 793 2940 propter
805 2889 836 2924 ea
860 2889 928 2942 qnae
946 2887 1027 2938 supra
1050 2875 1162 2940 exposui
1180 2875 1227 2926 sed

133 2943 212 2995 etiam
232 2950 341 3008 propter
361 2938 476 3008 plurima
493 2941 556 2993 alia.
598 2952 659 2995 snut
677 2945 745 2996 enim
766 2946 811 3012 qui
830 2959 953 2995 sermone
982 2943 1126 3010 perspicuo
1147 2952 1227 2996 nten.

132 3023 174 3066 tur
192 3011 238 3064 alii
249 3013 293 3079 qui
309 3027 417 3079 prorsus
429 3027 482 3063 non
501 3011 662 3080 perspicu03
682 3017 727 3083 qui
743 3017 793 3066 etsi
812 3015 975 3082 argumentis
998 3027 1051 3064 nnn
1070 3014 1195 3066 differunt
1212 3031 1227 3066 a

133 3084 210 3135 nobis
232 3091 318 3133 tamen
338 3084 427 3135 verbis
454 3093 480 3135 et
502 3085 613 3137 vocibus
638 3088 692 3138 suis
721 3085 902 3153 peculiaribus
927 3085 1035 3136 differre
1053 3085 1177 3136 videntur
1193 3087 1227 3137 iis

133 3157 179 3223 qui
201 3155 300 3206 indocti
315 3164 381 3208 *sunt
400 3163 426 3207 et
446 3156 542 3224 quibus
573 3173 661 3209 sacras
679 3159 823 3224 scripturas
849 3158 878 3208 in
900 3157 1109 3209 controversiam
1129 3158 1227 3208 ducere

133 3225 230 3292 planet.
269 3225 324 3277 alio
342 3235 430 3280 autem
451 3228 529 3280 modu
557 3229 714 3296 intelligunt
742 3230 787 3295 qni
805 3229 832 3278 ln
852 3229 1001 3280 huiusmodi
1020 3228 1101 3279 rebus
1118 3229 1227 3279 nimium

133 3311 238 3363 semper
260 3299 400 3366 exquirere
422 3307 448 3350 et
465 3315 515 3366 per
532 3298 677 3366 allegorias
696 3299 787 3350 dicere
804 3300 913 3364 vulunt3
931 3300 987 3351 alin
1001 3300 1079 3352 modo
1098 3300 1144 3368 qui
1160 3301 1238 3370 sim„
1330 3306 1332 3314 ’

133 3367 241 3435 pliciter
268 3371 438 3436 interpretari
468 3380 494 3422 et
517 3370 655 3422 illustrare
680 3371 786 3422 student
803 3373 860 3438 ipsa
883 3380 984 3424 tantum
1003 3371 1071 3422 nuda
1092 3371 1227 3440 evangelii

132 3439 215 3492 uerba
233 3441 291 3492 sins
308 3440 365 3493 ulla
383 3443 568 3494 aestimatione
588 3449 615 3492 et
633 3442 761 3509 detegere
780 3452 904 3510 quantum
923 3444 982 3496 beri
1001 3445 1087 3510 possit
1103 3451 1227 3494 accurate

132 3526 201 3578 quae
222 3512 312 3564 verbis
331 3511 422 3564 subest
440 3515 608 3576 sententiam,
628 3529 715 3582 neque
735 3516 780 3582 qui
804 3515 923 3568 ulterius¹
935 3515 1077 3586 quidquam
1096 3513 1228 3582 indagan-

131 3583 192 3633 dum
214 3598 273 3634 esse
295 3592 396 3650 putant.
433 3601 524 3636 rursus
544 3585 598 3637 alio
618 3586 695 3636 modo
715 3586 823 3638 differre
850 3588 975 3639 ridentur
993 3587 1046 3649 iis,
1073 3585 1119 3651 qui
1148 3584 1227 3636 bodie

131 3655 191 3720 pios
210 3655 311 3706 animos
329 3656 484 3721 perturbere
503 3657 609 3710 student
626 3657 732 3724 impiis,
761 3660 860 3725 quique
882 3675 959 3710 unum
978 3659 1121 3708 increatam
1139 3656 1228 3707 deita-

131 3732 185 3776 tem
206 3725 235 3774 iu
255 3726 371 3778 infinitas
391 3736 418 3779 et
436 3728 523 3780 tarius
543 3728 639 3780 multas
658 3729 810 3781 discindunt
821 3730 955 3796 simulque
974 3728 1068 3779 videre
1090 3742 1145 3777 eam
1168 3726 1227 3778 cla.

130 3797 167 3847 ris
188 3795 274 3846 oculis
292 3814 322 3849 se
341 3799 440 3850 iactant
469 3808 495 3850 et
520 3801 676 3852 coniunctus
703 3817 732 3853 se
746 3817 806 3852 esse
836 3809 898 3867 post
916 3801 1007 3852 vinum
1027 3806 1054 3848 et
1072 3799 1227 3849 commissa.

131 3869 231 3919 tionem
250 3868 404 3934 palamicam
425 3886 482 3920 eum
502 3885 534 3921 ea
553 3887 629 3938 quam
648 3885 874 3940 nosnequaquam
895 3873 969 3923 cerni
988 3884 1068 3938 posse
1086 3870 1226 3922 didicimus

130 3951 220 4006 neque
240 3941 272 3990 ab
294 3940 402 3992 bomine
422 3940 479 3991 ullo
501 3955 589 4008 neque
607 3942 641 3992 ab
657 3944 775 4012 angelis.
812 3944 927 4010 denique
948 3942 1004 3994 alio
1024 3941 1102 3992 modo
1120 3941 1226 3993 intelli.

129 4018 206 4078 gunt,
227 4011 272 4077 qui
291 4013 319 4062 in
338 4012 464 4062 comitatu
483 4027 588 4078 semper
607 4022 647 4064 est
665 4015 740 4078 plebs
756 4031 772 4065 e
788 4013 905 4065 tabernis
925 4022 953 4065 et
965 4013 1086 4081 perditae
1101 4013 1226 4078 vilesque

130 4081 276 4134 muliebres
299 4091 325 4136 et
344 4082 508 4136 homunculi.
545 4085 635 4150 itaque
657 4086 686 4136 lit
704 4084 908 4152 utmuttiptioes
927 4087 989 4138 inde
1011 4093 1040 4136 et
1057 4085 1147 4135 variae
1167 4084 1226 4132 lor.
1254 4146 1257 4151 ·

129 4169 188 4208 mae
208 4162 317 4208 sanetae
338 4155 476 4209 doetrinae
496 4164 620 4226 tanquam
640 4155 721 4210 rivuli
740 4156 891 4226 profluant;
919 4165 946 4212 st
963 4157 1088 4226 profesto
1104 4155 1227 4226 cogitata
