3017 4759
243 134 465 272 ursubnrtn
490 194 748 276 nummrme
776 199 870 262 xxx.
889 178 1073 262 (λλ-65.
1140 191 1213 264 313

115 353 155 446 ἧν
176 359 231 425 καί
262 356 368 445 ἔσται,
396 360 472 433 θεός
503 357 637 442 ἰσχυρός
659 360 780 432 δίκαιος
810 349 972 439 όκτιστος,
1000 355 1136 442 αἷλήθεια
1161 368 1237 424 σο-·’

117 467 177 548 φιά
199 461 335 540 δόναμις
357 457 420 543 ζωὴ
443 462 512 546 φῶς
536 462 678 584 ἐνέργεια
698 464 752 524 κατ’
773 457 809 524 τό
833 462 973 528 τοιαῦτα.

176 564 261 626 Ἐπεί
266 584 302 642 γε
313 558 377 642 μὴν
390 564 424 625 ἐκ
439 563 500 626 τοόν
513 562 634 626 οἰκείων
647 557 799 679 ῥημάτων
814 582 847 624 τε
862 561 919 622 καί
930 562 1125 683 γραμμάτων
1128 557 1215 626 ‹itr-
1196 585 1281 684 :M

116 664 268 745 σκόμενον
291 660 307 726 6
327 657 526 741 Ιλαλαμοῖςι
512 658 624 725 εαατόν
643 654 727 746 ἓαόρα
747 659 942 744 διηνεκῶς,ι
946 662 1003 722 οἰκ
1024 663 1056 724 ἐν
1077 659 1218 745 ῥήμασίἱ

93 765 226 850 όφησίν,
242 759 335 825 “666’
356 757 496 881 66666'
481 786 515 826 εν
534 759 734 844 γράμμασιν,
756 755 862 840 ἀλλ”
846 785 878 824 εν
901 755 1083 842 πράγμασιν
1096 760 1216 844 ἧμιόνῆ

117 865 272 982 εὐσέβεια
286 859 364 927 κατό
381 860 456 937 τούς
470 859 666 944 θεολόγαοςΓ
687 860 802 946 μικρόν
823 853 879 925 οὖν
898 858 1039 983 ε’τιιρχαόν
1060 885 1075 924 ο
1066 859 1121 925 Γ
1119 883 1217 944 ρηγο-

117 967 177 1048 ρός
195 957 275 1028 “666
298 959 374 1028 6o6”
409 967 507 1048 φησίν
533 957 608 1045 ι’τῆς
623 959 857 1084 ,α’βελτηριᾞαΰ
883 961 960 1025 καί
988 953 1112 1025 6nrd6u
1136 960 1216 1045 πρὸς

118 1060 215 1129 αἰτόν
233 1056 320 1126 “εἶτα
343 1060 561 1137 ἐλάνθανεςι
541 1062 642 1146 6665’'
671 1064 752 1160 φησί
770 1056 999 1181 “λασιόκωφός
1023 1085 1071 1136 τις
1101 1055 1145 1125 τόν
1163 1060 1218 1127 κατ’

118 1161 249 1246 α’νὴκοος
273 1164 327 1226 καί
347 1162 531 1227 παντόπασι
551 1167 607 1247 τῆς
629 1164 694 1226 τεόν
715 1166 812 1227 θείων
833 1166 966 1247 γραφῶν
989 1163 1215 1244 διδασκαλικῆς

75 1257 238 1346 1θὲσρτῆς
244 1285 276 1326 τε
311 1262 364 1325 καί
394 1260 618 1384 πανηγύρεως,
645 1288 695 1327 και
693 1264 1001 1386 μετεγκεντρίζορν
1016 1265 1048 1340 ἐξ
1070 1264 1216 1344 όμαδίας
1284 1310 1294 1316 -

117 1357 252 1430 όλλοθεν
284 1359 396 1427 όλλοδι
429 1362 485 1436 τόν
519 1358 646 1430 ἅπαντα
677 1367 751 1428 ναόν
783 1361 838 1427 καί
863 1361 980 1427 σκοπόν
999 1367 1056 1448 τῆς
1077 1368 1214 1448 γραφῆς.

113 1468 208 1530 τοῦτο
225 1460 287 1579 γόρ
308 1489 324 1526 o
314 1461 484 1546 ι’μέγας
468 1490 501 1528 εν
525 1467 673 1550 θεολογίρ
693 1462 827 1564 φόσκει
829 1465 859 1528 Γ
858 1489 1014 1548 ρηγσριος,
1035 1463 1074 1529 τό
1098 1470 1216 1530 Arous-

116 1567 174 1681 σίφ
198 1566 240 1648 τῷ
262 1566 340 1649 θείῳ
374 1567 531 1645 λεχθέντα
565 1563 754 1648 διαβεβαιφ
734 1549 857 1644 ιμενός,
883 1557 988 1644 οἶμαι,
1012 1567 1068 1627 καί
1088 1588 1216 1647 σογχω·
1269 1635 1272 1655 ,

116 1666 189 1746 ρῶν
216 1667 271 1727 καί
306 1660 400 1737 αότός
435 1667 491 1728 καί
518 1660 615 1728 οἷονεί
650 1661 903 1748 προτρεπόμενος
937 1665 1120 1752 οἰκονομικῷ
1153 1662 1217 1730 τινὶ

75 1780 107 1834 15
117 1761 223 1849 τρόπρι
246 1764 362 1845 καιροῦ
382 1767 552 1840 καλοῦντος
575 1764 655 1848 αρός
671 1763 746 1838 τούς
775 1767 835 1828 τῶνΙ
855 1763 1013 1848 όμιληταόν
1038 1763 1216 1850 διαφόρους

115 1862 173 1938 τός
188 1865 314 1945 γνώμας
336 1868 392 1927 καί
403 1865 533 1945 γνώσεις
554 1869 744 1954 κεχρῆσθαι,
768 1863 821 1929 καί
839 1863 1127 1948 μικρόνένδιδόναι
1152 1875 1216 1940 τοῖς
1318 1889 1319 1897 ’

117 1963 286 2084 διαφόροις
308 1965 371 2028 ταῖν
392 1962 585 2092 προσιόντων
607 1959 701 2051 ἤθεσι
715 1970 756 2030 δι’
774 1968 912 2050 α’ναγκην
925 1965 1036 2047 ἐνίοτε,
1054 1957 1135 2030 τόστε
1158 1962 1216 2048 τήν

116 2063 150 2129 ἐν
170 2072 235 2138 τοῖς
265 2066 399 2149 καιρίοις
429 2069 483 2149 τῆς
514 2069 649 2142 πίστεως
671 2067 859 2149 ὁμολογίαν
890 2069 920 2130 εἰ
946 2069 1000 2129 κατ’
1017 2063 1062 2149 μή
1087 2069 1280 2147 mecum

118 2159 198 2228 α’λλό
218 2188 252 2246 γε
274 2175 343 2240 ταῖς
367 2169 501 2242 ἐννοίαις
514 2164 732 2285 φαλρίττεσθαι
746 2164 965 2246 ἀπαράβατον.
1009 2167 1042 2227 ἐν
1068 2155 1113 2237 οἷς
1135 2166 1237 2238 ἑξεῖ-

73 2254 174 2334 2666
188 2288 268 2349 φησι
289 2260 426 2350 τήνδε
406 2294 423 2348 η
445 2265 538 2348 τήνδε
559 2267 614 2349 τήν
629 2268 711 2342 λὲξιν
733 2269 789 2328 καί
810 2266 850 2327 δι’
875 2257 990 2347 ἑτέρων
1004 2259 1238 2346 όμοδανόμωνι

116 2391 168 2431 και
164 2367 461 2452 ε’κφαντικωτόρων
473 2372 586 2446 λέξεων
601 2363 820 2452 διασαφεῖν
787 2390 841 2430 ταν
857 2368 1050 2450 θεοπρεπῆτ
1034 2357 1160 2447 τρόπον.
1179 2359 1219 2426 ov’

116 2468 170 2532 δεῖ
186 2469 230 2546 δέ,
255 2466 351 2551 φησίν
373 2465 583 2548 Ἀθανόσιος,
605 2463 645 2530 τοὶ
668 2471 736 2531 κατ’
759 2462 938 2546 οἰκονομίαν
957 2464 1145 2551 γραφόμενα
1163 2460 1219 2528 καί

114 2564 261 2650 γινόμενα
275 2569 427 2650 δέχεσθαι
442 2567 642 2653 κακοτρόπως
657 2566 711 2632 καί
727 2564 806 2653 πρός
817 2563 872 2651 τὴν
885 2567 969 2632 ἰδίαν
985 2567 1086 2632 ἕλκειν
1096 2559 1234 2655 6⁰66,

116 2771 182 2823 dens
200 2775 296 2837 potens
317 2770 403 2823 instns
419 2770 555 2823 increatus
573 2771 675 2824 veritas
695 2770 885 2838 sapientioris
904 2770 961 2823 uita
981 2767 1071 2822 lumen
1091 2769 1216 2823 efficien-

130 2843 167 2895 tia
188 2841 317 2908 taliaque.
1102 2869 1108 2877 =

219 2912 285 2966 Cum
314 2920 402 2964 antem
422 2913 477 2964 suis
502 2913 587 2980 ipsius
605 2912 697 2965 verbis
726 2921 752 2964 et
779 2911 885 2978 scriptis
906 2912 963 2977 capi
983 2909 1102 2963 Palamas
1121 2927 1151 2964 sa
1171 2913 1216 2962 vi.

116 2984 194 3036 deret
217 2984 365 3045 continuo,
394 2997 448 3033 non
480 2983 508 3034 in
538 2984 643 3047 verbis,
666 2983 769 3052 inquit,
797 2999 885 3051 neque
911 2983 1018 3033 omnino
1044 2981 1072 3032 in
1099 2983 1215 3048 scriptis,

116 3055 192 3106 sed
184 3069 211 3103 un
233 3053 313 3104 rebus
338 3053 437 3104 nostris
465 3055 551 3120 pietas
575 3055 693 3106 cernitur
719 3054 865 3107 secundum
888 3052 1041 3120 theologos.
1079 3051 1215 3118 paululum

116 3125 200 3193 igitur
218 3132 335 3175 moratus
356 3123 507 3208 Gregoras:
536 3141 601 3191 pro,
621 3126 717 3193 inquit,
737 3124 897 3188 stultitiam,
918 3131 945 3174 et
962 3122 1114 3189 despiciens
1135 3139 1214 3174 eum:

118 3209 190 3262 ergo,
206 3195 326 3264 fugiebat
352 3209 411 3259 nos,
437 3196 538 3264 inquit,
558 3204 585 3248 te
610 3211 671 3247 esse
690 3196 791 3246 aurium
819 3160 970 3246 obtu6nrum
1002 3201 1029 3245 et
1059 3194 1164 3246 surdum
1190 3201 1217 3248 et

119 3267 229 3317 omnino
248 3268 368 3333 ignarum
383 3267 538 3318 festivitatis
559 3275 585 3318 et
598 3265 788 3317 celebrationis
800 3266 893 3318 doctae
905 3265 1032 3317 librorum
1053 3265 1214 3329 divinornm,

117 3344 145 3387 et
163 3337 305 3389 inserendo
327 3345 354 3389 et
365 3339 562 3404 transponendo
576 3336 683 3387 aliunde
694 3336 759 3387 alibi
771 3347 928 3403 pervertere
942 3337 1093 3404 ignorantia
1112 3352 1215 3388 omnem

116 3423 223 3460 sensum
243 3417 270 3460 et
289 3408 532 3461 omue‘eonsilinm
551 3406 719 3473 scripturae?
762 3408 813 3458 hoc
841 3410 910 3460 enim
928 3423 1039 3477 magnus
1059 3409 1086 3458 in
1105 3406 1215 3459 theolo-

116 3478 162 3544 gia
180 3478 245 3530 dicit
267 3479 413 3545 Gregorius
433 3495 465 3531 eu
485 3495 554 3547 quae
573 3495 588 3530 a
609 3478 738 3544 Dionysio
756 3479 848 3530 divino
875 3479 944 3530 dieta
964 3485 1025 3530 sunt
1047 3478 1215 3541 confirmans,

116 3555 198 3613 puto,
226 3556 253 3599 et
272 3550 423 3601 concedens
451 3559 478 3601 et
498 3552 556 3617 ipse
576 3557 603 3601 et
620 3550 814 3634 quodammodo
841 3550 982 3602 adhortans
999 3557 1027 3599 ut
1045 3563 1125 3615 pareo
1145 3562 1216 3615 quo-

116 3618 175 3668 dam
198 3619 274 3669 modo
295 3621 439 3672 occasione
459 3621 491 3672 ad
512 3636 560 3673 eos
579 3620 717 3684 affabiles,
742 3623 787 3689 qni
808 3622 834 3672 in
854 3621 995 3672 sententiis
1015 3627 1041 3669 et
1060 3618 1216 3685 cognitione

116 3688 172 3748 sint
190 3688 300 3752 diversi,
320 3699 436 3742 vocante
455 3700 558 3743 utamur
577 3701 603 3743 et
632 3707 717 3758 panca
735 3693 921 3760 indulgeamus
947 3689 1060 3742 diversis
1081 3688 1215 3739 acceden-

116 3759 183 3809 tium
201 3759 319 3810 moribus
337 3764 492 3813 necessario
506 3778 709 3831 nonuunquam:
728 3764 766 3815 ita
784 3771 813 3814 ut
832 3765 859 3812 in
874 3761 953 3813 rebus
969 3760 1136 3828 gravissimis
1155 3759 1216 3810 lidei

116 3829 261 3881 consensio
280 3831 416 3896 quamvis·
422 3846 475 3882 non
495 3834 585 3884 verbis
605 3833 700 3886 saltem
712 3833 920 3902 cogitationibus
940 3837 1063 3883 servetur
1082 3838 1216 3882 constans

115 3914 169 3967 qna
187 3900 216 3949 in
235 3914 265 3949 re
284 3899 368 3950 licere
379 3900 494 3952 anthane
506 3903 551 3953 vel
568 3902 641 3954 illam
661 3919 756 3956 vocem
769 3906 845 3955 etiam
860 3902 920 3954 aliis
934 3901 1064 3955 similibus
1087 3911 1114 3953 et
1134 3902 1217 3968 magis

115 3970 329 4038 significantibus
341 3970 453 4021 vocibus
468 3973 604 4039 explicare
617 3976 722 4026 ratione
735 3976 786 4027 deo
801 3975 989 4037 conveniente,
1006 3988 1059 4024 non
1071 3981 1158 4024 autem
1168 3973 1218 4022 de-

116 4049 171 4106 cet,
181 4041 218 4092 ait
230 4039 403 4104 Athanasius,
414 4055 445 4091 ea
455 4057 523 4109 quae
533 4058 613 4109 pareo
626 4046 704 4097 modo
717 4045 869 4098 scribuntur
881 4052 908 4095 et
918 4046 983 4097 flunt
995 4045 1119 4109 accipere
1133 4055 1216 4107 pravo

115 4127 209 4176 sensu,
226 4113 289 4164 etin
302 4127 375 4163 snam
387 4110 552 4165 rolnntstern
563 4112 689 4168 traheree'
699 4117 797 4169 etenim
808 4117 886 4169 ctiam
896 4116 1014 4169 medieas
1026 4125 1217 4183 saepenumero
