3017 4759
266 227 489 303 nrsronme
511 231 773 302 arztnrruan
790 235 900 302 xxvi.
920 214 989 301 dd.
1010 216 1080 301 tt.
1186 224 1235 307 89
1264 210 1274 217 ’

136 398 337 482 οδτοὶνδρους
360 392 422 462 dno*
451 401 586 482 βρίδους
616 401 680 463 τοὸν
701 397 847 482 αλλήλοις
869 393 1093 481 ε’πιπιγδιδντων
1116 394 1239 478 ἀπροό-

136 524 222 577 πτως
245 502 279 565 ἐν
299 497 406 565 σκότει
427 504 482 565 καί
504 506 606 565 νυκτί.
660 493 742 584 ἦσαν
765 501 796 561 d’
830 498 867 565 οἳ
886 500 941 561 καί
959 498 1087 588 α’πειρίρι
1108 496 1160 563 κκί
1179 500 1239 580 α’γ-

137 606 207 690 νοίρ
237 606 367 685 χωρίων
398 598 553 686 ἐςβρδχιγ
580 598 829 686 συνερρήγνυνιό
862 622 895 664 τε
917 600 973 663 καί
1007 600 1052 673 είς
1083 600 1142 683 γῆν
1166 597 1239 674 τούς
1325 614 1336 635 ·’

138 696 259 787 ἄνδρας
276 705 456 787 ἐρρίπτουν,
477 704 636 777 ω’θοὸντος
648 705 706 766 τοῦ
723 706 871 786 κύματος,
893 700 935 778 ὥς
954 701 1009 765 καί
1024 704 1056 778 ἐς
1070 699 1127 783 τὴν
1147 696 1241 765 δοτι-

112 805 236 889 5ραίαν
257 802 398 887 δρᾶσθαι
431 803 492 871 τῶν
514 803 709 870 Καιελοίνων
732 804 868 879 πολλοδς
902 806 1127 884 πλανωμένους
1148 803 1181 865 ἐν
1202 803 1240 887 τῇ

135 902 307 985 Ῥωμαίων
326 908 384 991 γῇ,
415 902 470 968 καί
496 902 541 988 μὴ
576 910 738 980 συνιέντας
766 902 904 988 γλιδτιρς
930 904 1127 987 Ἑλληνικῆς,
1161 902 1239 985 μήθ’

140 998 202 1092 ὅπῃ
224 1006 280 1087 γῆς
302 1006 375 1081 εἶσί,
394 1004 473 1088 μήδ’
494 1000 554 1092 ὅπῃ
576 1000 640 1088 χρὴ
664 1007 897 1088 πορευομένους
917 1004 975 1087 τήν
997 1004 1158 1087 σωτηρίαν
1181 1023 1240 1065 πο-

140 1106 299 1185 ρίζεσθαι.
352 1098 435 1187 ἦσαν
455 1106 484 1168 δ’
517 1103 551 1169 οἳ
579 1104 637 1168 ads
659 1107 721 1170 τῶν
750 1101 944 1189 τραυμάτων
972 1100 1241 1185 λειποψυχοῦντες

139 1200 282 1267 ἔπιπτον.
326 1203 361 1267 οἳ
384 1206 412 1267 δ’
435 1200 608 1288 ἡμιθνῆτες
637 1201 769 1269 ἔπιπτον
789 1200 870 1270 κατοῖ
893 1204 949 1288 τῆς
971 1206 1124 1287 ψάμμον,
1158 1200 1191 1265 ot
1213 1201 1306 1266 d’u

98 1304 379 1382 λθὲκπεπνεοκδτες
409 1299 469 1391 ἤδη
489 1308 602 1382 τελέως
625 1304 741 1385 ἀναμίξ
769 1298 927 1386 ἑκατέρων
954 1307 1017 1369 cdv
1041 1302 1242 1387 στρατευμά-

89 1486 94 1496 Ι
141 1427 216 1468 των.
270 1406 534 1487 δκβροσσομίνων
568 1404 630 1491 γὰρ
653 1408 716 1470 τῶν
738 1410 819 1471 νεῶν
852 1402 914 1469 δπδ
941 1410 998 1469 τοῦ
1019 1400 1158 1485 κύματος
1182 1398 1241 1481 ἕξω

143 1606 202 1670 οδκ
223 1608 370 1692 ἠμέλουν,
391 1608 460 1673 ἀλλ’
482 1602 593 1683 ὅπλοις
621 1608 809 1673 α’ντετίδουν
843 1601 924 1672 ὅπλα
946 1609 1001 1671 καί
1021 1602 1158 1693 φάλαγξι
1178 1602 1243 1689 φοί-

144 1712 261 1789 λαγγας
282 1706 422 1789 πεζικοὶς,
444 1708 487 1784 οδς
504 1711 651 1791 γίνεσθαι
677 1710 810 1773 διπλοῦν
839 1710 956 1773 ἐκεῖνον
977 1708 1166 1789 συμβαίνειν
1188 1700 1243 1770 τόν

99 1802 295 1889 innutritos,
318 1811 503 1891 ναυμαχίαν
522 1831 554 1873 τε
576 1811 632 1873 καί
651 1810 850 1891 πεζομαχίαν
872 1809 952 1887 turri
975 1808 1098 1873 ταὸτὸν.
1142 1806 1244 1888 τραυ-

140 1908 253 1988 ματίαι
275 1910 304 1973 δ’
327 1902 395 1975 ὅσοι
418 1913 562 1993 βαδίζειν
583 1909 753 1992 dodanam,
774 1906 869 1988 ἄλλος
901 1905 985 2001 ὅλλρι
1010 1908 1142 1995 ἡγεμόσι
1161 1934 1243 1993 χρη.

143 2005 274 2090 σδμινοι
295 2013 350 2093 τῆς
373 2011 462 2090 ὁδοῦ,
489 2014 531 2077 δι’
552 2008 625 2098 ὅλης
649 2010 771 2096 ἡμέρας
792 2010 877 2087 ι’νιὸς
899 2012 1241 2094 ίγίνοντοΒυζαντιόυ.

141 2114 198 2173 καί
222 2114 433 2196 ψυχαγωγίας
465 2111 597 2196 ἔτυχον,
630 2112 747 2179 ὅπὸσον
775 2111 913 2201 ἐφικτόν.
956 2112 993 2178 το’
1015 2136 1049 2195 γε
1069 2112 1133 2197 μιὶν
1154 2107 1241 2195 παρὰ

145 2212 201 2277 τὸν
225 2210 370 2294 αι’γιολδν
393 2212 594 2298 ἐπιρριδσαν.
639 2217 663 2255 ”
683 2218 786 2279 ἕωθεν
806 2214 1022 2299 η’πιιριοτικὸν,
1045 2213 1088 2289 ὥς
1104 2209 1239 2296 εἴρηται,
1253 2226 1372 2281 ttldb.

97 2316 263 2400 λθπλῆθος
296 2314 422 2399 α’λίγους
448 2321 508 2396 μὲν
538 2310 604 2400 εἶχε
628 2314 702 2393 τοὸς
729 2315 938 2402 στρατιώτας,
971 2311 1007 2379 ιδ
1030 2316 1065 2379 δὲ
1088 2319 1244 2395 πλεῖστον,
1328 2394 1338 2401 ,-

142 2412 323 2500 ε’ξὸπάσης
341 2422 453 2501 τέχνης
481 2412 520 2502 ἤν
542 2420 713 2501 ξυμμιγίς,
735 2411 795 2501 ὅση
820 2441 852 2482 τε
873 2414 1087 2501 βαταυοοδδης
1109 2415 1163 2479 καί
1184 2411 1243 2499 ὅση

143 2522 184 2605 τῇ
206 2523 341 2605 γεωργίᾳ
370 2521 606 2606 προοιτετὴκει·
663 2517 717 2585 καί
745 2514 785 2603 ἧν
811 2517 959 2585 ἁπάντων
991 2516 1245 2605 ε’κείνιονζοδδείς
1343 2536 1345 2541 ·

145 2852 179 2890 ex
198 2835 328 2900 adverso,
356 2842 386 2887 ut
408 2835 635 2903 supradiximus,
659 2836 760 2901 adorti,
779 2834 931 2903 praefectus
957 2833 1053 2887 classis
1070 2835 1245 2902 praefectum,

144 2916 226 2962 nauta
243 2913 349 2959 nantum
369 2908 544 2977 cominusque
562 2915 687 2975 tanquam
706 2922 797 2975 pugna
820 2907 942 2958 terrestri
965 2906 1085 2958 manibus
1105 2907 1245 2971 consertis,

145 2980 262 3033 hostiurn
281 2987 396 3046 stragem
420 2978 474 3031 late
495 2979 648 3044 ediderunt,
665 2980 703 3030 ita
721 2988 751 3031 nt
769 2977 917 3030 nonnullae
941 2991 1026 3029 noves
1049 2978 1128 3030 nimis
1147 2992 1246 3028 onera.

144 3062 190 3105 tue
210 3066 270 3101 curn
294 3050 445 3103 hominibus
470 3050 708 3119 demergerentur,
733 3053 761 3101 iu
787 3048 906 3100 tenebris
934 3049 1021 3100 noctis
1046 3047 1100 3099 alio
1119 3049 1149 3105 iu
1165 3046 1246 3098 alium

146 3120 300 3175 inconsulto
320 3122 448 3173 irruente.
485 3122 633 3189 nonnullae
651 3136 717 3174 vero
737 3121 871 3189 imperitia
894 3128 921 3171 et
938 3121 1107 3188 ignoratione
1127 3118 1246 3171 locorum

145 3196 174 3246 in
194 3192 289 3245 brevia
307 3193 375 3246 vada
403 3191 557 3260 compulsae
579 3193 678 3247 milites
703 3193 828 3245 ductibus
851 3192 1018 3246 trudentibus
1044 3199 1070 3243 et
1090 3191 1247 3259 urgentibus

146 3263 295 3316 interram
313 3264 460 3328 eiecerunt,
481 3279 534 3333 quo
554 3265 651 3316 iactum
672 3272 729 3329 est,
753 3272 783 3316 ut
807 3271 916 3331 postero
942 3265 987 3315 die
1005 3263 1081 3316 multi
1101 3263 1247 3317 catelano.

147 3352 205 3389 rum
224 3338 251 3387 in
263 3336 440 3394 Romanorum
457 3345 528 3387 terra
548 3336 704 3389 oberrantes
724 3337 954 3403 conspicerentur,
975 3336 1020 3403 qni
1039 3333 1150 3403 lingone
1162 3334 1248 3388 Grae.

148 3424 196 3459 cue
215 3407 333 3475 imperiti
358 3422 408 3459 nec
429 3407 473 3459 ubi
499 3415 629 3459 terrarum
655 3414 745 3460 esseut
763 3421 814 3459 nec
834 3421 886 3474 quo
906 3406 1043 3473 proiecti,
1062 3406 1175 3458 salutem
1196 3406 1248 3459 sibi

149 3486 310 3547 quaererent
332 3478 396 3530 sutis
418 3477 583 3545 exploratum
609 3478 751 3531 habebant.
798 3478 845 3530 alii
867 3492 932 3530 vero
958 3494 992 3530 ex
1017 3478 1173 3530 vulneribus
1193 3478 1248 3529 lin.

148 3558 247 3618 quente
265 3550 351 3604 anina
370 3548 588 3614 collabebantur3
608 3550 655 3602 alii
674 3550 838 3603 semimortui
856 3550 884 3601 in
902 3565 983 3603 arena
1002 3549 1101 3600 marina
1120 3549 1248 3599 concide.

148 3622 231 3684 bunt;
251 3620 298 3672 ulii
319 3620 400 3687 plane
417 3622 504 3673 unium
524 3624 659 3689 exspirata
677 3623 828 3689 prorniscue
848 3637 882 3673 ex
901 3629 1013 3689 utroque
1034 3620 1153 3671 exercitu
1174 3619 1250 3671 iace.

148 3694 221 3745 bant.
250 3692 362 3745 navibus
383 3695 454 3744 enim
472 3693 599 3745 lluctuum
619 3703 694 3747 aestu
714 3694 745 3747 ad
765 3702 861 3745 terram
881 3693 976 3744 eiectis
997 3690 1118 3743 homines
1139 3691 1250 3748 excib-

149 3771 220 3827 runt,
240 3763 287 3814 sed
305 3765 457 3816 certaminis
476 3767 635 3819 conserendi
663 3767 816 3833 neutiquam
838 3764 915 3816 obliti
944 3764 1023 3815 armis
1043 3778 1124 3827 arma,
1145 3762 1249 3815 ordini.

147 3836 197 3888 bus
220 3833 326 3887 ordines
343 3837 521 3903 opponebant.
543 3839 579 3888 ita
595 3838 727 3904 proelium
741 3836 809 3888 illud
829 3845 855 3888 et
870 3834 967 3889 navale
987 3842 1014 3885 et
1034 3841 1162 3887 terrestre
1182 3843 1248 3886 erat.

148 3905 232 3960 saucii
244 3913 342 3971 nutem,
364 3916 534 3977 quotcunque
549 3910 661 3977 pedibus
673 3910 712 3960 ire
727 3908 863 3973 valebant,
877 3908 924 3959 alii
939 3904 999 3958 aliis
1018 3906 1122 3959 itineris
1138 3906 1249 3959 ducibus

149 3979 190 4031 usi
209 3992 258 4046 per
277 3985 361 4030 totum
380 3980 450 4030 diem
469 3980 627 4046 Byzantium
647 3986 844 4043 convenerunt,
864 3978 909 4030 ubi
932 3986 1056 4046 quantum
1075 3978 1133 4030 lieri
1153 3978 1249 4045 potuit,

147 4051 246 4103 laetam
264 4051 429 4102 curationem
449 4052 521 4102 nacti
543 4061 613 4104 sunt.
659 4050 735 4103 turba
756 4059 843 4102 autem
863 4050 921 4114 illo,
952 4050 984 4101 de
1005 4064 1057 4118 qua
1075 4050 1197 4110 diximus,
1218 4063 1251 4098 ex

151 4121 357 4175 continentiad
384 4115 458 4173 oram
484 4120 550 4173 solis
574 4130 639 4174 ortu
658 4123 746 4175 delata
771 4136 871 4191 paucos
897 4128 995 4174 tantum
1026 4136 1116 4173 secum
1137 4116 1252 4171 habebat
