3017 4759
293 184 341 253 ω
405 256 409 265 ,
598 188 825 280 urcmnonr
854 139 1084 259 cmconun
1178 247 1182 251 .

292 355 400 435 φοραί.
442 349 497 417 καί
525 354 609 415 τοῦτ’
641 352 686 426 τίς
710 352 858 433 ἀπειρίαις
885 350 967 429 ἴδοις
998 345 1039 419 όν
1060 356 1196 421 ε’κτεῖνον
1216 355 1292 431 τοδς
1315 355 1400 439 δρό-

289 475 371 534 μους
402 447 544 536 πελόγη,
577 450 688 517 σιόσιν
723 453 851 535 α’ληδῶς
879 454 919 517 οδ
950 455 1127 534 δυνάμενον
1162 457 1289 545 ου’δαμῇ
1321 461 1399 558 ποτὲ

289 555 435 633 γνιόσεως
456 549 552 634 ἔχειν.
611 552 716 616 πιῖοόν
743 576 775 616 τε
795 551 854 635 γόρ
883 554 1065 637 ὑπερβαίνει
1097 556 1312 640 σχολαστικὴν
1334 556 1399 622 α’ν-

288 650 429 735 θρῶπων
451 658 560 738 σοφῶν
581 652 731 734 ἐπίνοιαν,
754 657 810 717 κατ’
830 654 935 730 πόσας
957 648 1058 740 όρδιγν
1074 657 1320 742 ἐπιστημονικὰς
1340 663 1400 723 κατ’

288 750 435 835 τεχνικός
456 752 617 835 μεθόδους
631 752 755 837 μακρόν
769 758 824 819 καί
841 751 902 840 ῆδό
920 781 951 820 τι
967 758 1090 845 γελῶσῃ
1104 764 1289 844 περιφανῶς
1310 760 1423 829 ὑπο-5

290 856 398 938 τίθησι
421 850 535 941 χλεόῃ.
579 846 597 938 ἦ
620 852 682 938 γόρ
705 848 745 919 όν
768 858 838 919 ου’δ’
853 860 1023 938 ἐλαχίστου
1044 856 1156 944 σφιόιν
1177 856 1244 922 ἔδει
1264 862 1393 943 διερευ.

289 954 345 1017 νόν
371 945 457 1029 όστις
489 946 527 1019 όν
554 954 601 1040 εἴη
625 956 711 1036 λόγος
741 958 805 1020 τῶν
830 960 885 1040 τῆς
905 959 1014 1038 ψυχῆς
1034 956 1219 1042 βραβευτὴς
1240 960 1392 1045 όσφαλὴς

287 1052 485 1137 α’πορρὴτων.
541 1054 609 1118 οὐδ’
647 1049 686 1119 όν
709 1058 837 1121 ου’δὲοιν
866 1054 932 1120 ἔδει
955 1057 1012 1120 τοῦ
1036 1059 1148 1121 λοιποῦ
1181 1063 1243 1122 τῶν
1271 1057 1393 1139 ἔξωθεν

286 1152 375 1234 ἠθῶν
398 1152 454 1216 καί
472 1151 662 1237 χρωμάτων,
688 1158 865 1241 α’φδόγγοις
885 1159 979 1221 ταυτί
1013 1166 1135 1242 φωναῖς
1160 1158 1393 1227 οἷνοιδιδασιιόν.

286 1276 360 1333 των,
382 1252 535 1338 όμυδρῶς
565 1258 624 1335 μὲν
645 1254 797 1338 πρότερον
825 1258 1017 1331 τελεωτιιιῶς
1043 1259 1073 1320 δ’
1094 1249 1138 1321 ud
1160 1264 1393 1345 προχωρούσης
1403 1287 1437 1340 10

285 1355 340 1435 τῆς
361 1356 493 1437 πείρας,
521 1355 563 1429 ιός
584 1356 811 1440 εόχερδοτερόυ
835 1381 903 1431 πως
924 1354 1010 1439 ἔχειν
1033 1352 1093 1443 ἤδη
1123 1360 1202 1424 κδπί
1221 1359 1281 1437 τός
1302 1364 1393 1446 πρῶ-

284 1477 342 1528 τος
371 1452 473 1529 αἰτίας
503 1460 559 1519 καί
587 1453 755 1539 διαλήψεις
788 1452 872 1533 ὅπως
896 1460 969 1522 ποτὲ
998 1461 1061 1523 τῶν
1092 1462 1146 1542 τῆς
1169 1464 1280 1545 ψυχῆς
1299 1487 1401 1547 χρω-·

283 1555 391 1634 μάτων
412 1558 467 1619 κατ’
498 1558 673 1621 διαθέσεων
703 1561 949 1640 παραπέμπειν,
983 1561 1065 1622 νῶπί
1082 1583 1114 1623 τι
1135 1558 1293 1645 γνώριμον
1315 1564 1392 1646 ἤρε’-

282 1678 329 1733 μα
360 1654 415 1718 καί
440 1654 519 1720 κατὰ
540 1654 655 1741 μικρόν
676 1659 728 1722 uod
755 1650 930 1743 ἀναφέρειν
960 1657 1014 1724 τόν
1040 1662 1094 1743 τῆς
1124 1663 1280 1743 συνεχοῦς
1301 1664 1392 1728 εἶκα-

285 1755 355 1830 σιάς
379 1752 509 1837 εὶρμόν,
536 1758 590 1822 ιιαό
610 1761 784 1841 ἐπερείδειν
804 1766 869 1834 τοϊς
893 1758 1027 1841 πρῶτοις
1049 1758 1152 1844 ἴχνεσι
1176 1762 1236 1840 τός
1254 1761 1391 1830 κατόπιν
1401 1786 1433 1838 15

248 1842 423 1939 ὸόφόδους
443 1858 504 1920 τῶν
529 1860 761 1941 ἀναλογισμῶν.
805 1859 887 1943 ὁρῶν
917 1858 978 1943 γόρ
1011 1862 1053 1938 ιός
1084 1864 1235 1939 κόκτῶν
1265 1867 1390 1930 οἰκείων

284 1955 534 2045 ου’δὲνίοδδαμῇ
567 1958 677 2023 οδδενί
702 1961 780 2024 ’ποτε
815 1962 887 2024 οὐδ’
919 1965 1014 2027 ου’τοί
1033 1988 1068 2046 γε
1092 1962 1389 2046 όγιιαλλιοπιζεοθαι
1464 2023 1467 2030 .

282 2050 405 2137 ἔχοντες
433 2058 486 2121 ἐπί
515 2059 656 2143 τόφαυὲς
686 2060 925 2148 καταφεύγουσι
958 2067 1020 2129 τῶν
1053 2064 1202 2152 όνείρων,
1232 2074 1297 2141 τοῖς
1328 2065 1388 2144 τός

281 2159 457 2245 τραγῳδίας
479 2160 661 2245 γρῶφουσιν
683 2154 810 2247 ἥκοντες
832 2168 865 2239 ἐς
884 2165 1021 2246 ταύτόν,
1040 2160 1087 2243 οἷς
1109 2164 1144 2231 αἱ
1167 2173 1388 2255 καταοτροφαί

281 2254 337 2319 καί
357 2259 506 2340 ἐσχατιαί
524 2264 587 2324 τῶν
606 2259 779 2344 δραμότων
801 2266 880 2328 &rod
887 2266 978 2348 Ιτινός
989 2269 1033 2332 όκ
1043 2270 1190 2353 μηχανῆς
1211 2273 1387 2353 προσδέοι·
1394 2292 1431 2347 20

280 2353 410 2439 ται,μῆ
434 2360 620 2439 δυναμένοις
655 2356 776 2450 ῥᾳδίως
807 2368 938 2444 ψευδῶν
968 2364 1022 2431 καί
1045 2372 1235 2451 παραλόγων
1264 2368 1387 2453 προτό-

280 2474 363 2520 σεων
386 2454 571 2525 όποδόσεων
600 2464 723 2547 ου’φυὲς
743 2460 871 2548 ἐπόγειν
900 2471 996 2544 τέλος.
1050 2472 1107 2534 καί
1129 2461 1217 2534 οὗτοι
1246 2468 1309 2556 γόρ
1342 2469 1383 2536 τό

221 2798 224 2803 ·
279 2784 460 2837 concitatione
469 2787 593 2843 ,animum
613 2791 781 2859 impellente.
826 2778 892 2864 quoi
913 2798 983 2850 enim
1009 2807 1071 2867 sunt
1089 2800 1240 2856 hominibus
1260 2809 1382 2873 corporis
1425 2817 1430 2823 “

279 2854 399 2907 colorum
419 2865 446 2909 et
467 2857 572 2912 habitus
591 2865 763 2929 mutationes,
783 2873 825 2917 tot
847 2870 926 2920 etiarn
945 2870 1025 2921 animi
1041 2872 1183 2925 aiiectuum
1201 2875 1381 2944 differentiae,

278 2940 345 2995 quos
364 2927 392 2979 iu
412 2929 544 2983 infinitum
564 2941 590 2984 et
611 2936 766 2987 immensum
788 2940 894 2990 extendi
916 2940 998 2992 facile
1016 2944 1136 3007 videris,
1155 2946 1192 2995 ita
1210 2953 1240 2997 ut
1260 2951 1380 3016 cognitio

276 2990 373 3051 revera
393 3014 528 3069 nunquam
548 3014 649 3058 eertum
670 3008 801 3075 quendam
818 3016 914 3062 statum
924 3012 1047 3064 obtinere
1067 3016 1161 3082 possit.
1200 3034 1232 3069 eu
1249 3034 1293 3070 res
1309 3023 1380 3072 enim

277 3084 387 3127 omnem,
400 3072 517 3125 virorum
537 3078 696 3143 sapientium
717 3081 894 3133 eruditionem
914 3091 940 3133 et
949 3086 1140 3152 cogitationem
1156 3098 1265 3155 superat
1284 3099 1379 3165 otom-

275 3155 324 3190 ues
346 3140 453 3192 omnino
473 3146 591 3198 rationes
617 3149 754 3202 doctrinae
783 3153 901 3220 artisque
919 3154 1009 3206 illudit
1030 3165 1057 3208 et
1079 3164 1204 3226 tauquam
1223 3160 1379 3215 vehementi

276 3216 356 3275 atque
376 3210 447 3261 dulci
467 3214 531 3265 risui
549 3219 691 3270 manifesto
718 3225 854 3288 supponit.
905 3225 975 3277 haud
998 3228 1123 3279 minimae
1151 3232 1274 3297 proiecto
1298 3249 1378 3285 curae

276 3281 310 3330 iis
330 3278 445 3332 debehat
465 3298 534 3349 esse,
555 3292 735 3354 perscrutari,
757 3308 869 3359 quanam
893 3298 998 3348 ratione
1015 3299 1149 3351 reconditi
1175 3302 1256 3353 animi
1281 3320 1377 3357 sensus

276 3356 351 3401 certo
372 3350 510 3404 diiudicari
540 3367 658 3424 possent.
704 3368 760 3413 tum
784 3366 890 3430 quidem
918 3369 1017 3423 nemini
1037 3370 1065 3420 in
1085 3371 1201 3424 futurum
1218 3388 1285 3440 opus
1305 3385 1378 3428 esset

277 3421 394 3471 externis
413 3423 530 3477 moribus
559 3436 586 3479 et
612 3430 766 3497 coloribus,
792 3437 837 3503 qui
862 3439 949 3490 tacitis
975 3440 1140 3507 quibusdum‘
1158 3444 1269 3497 vocibus
1291 3447 1324 3498 de
1343 3448 1377 3499 iis

275 3506 325 3544 nos
346 3493 474 3559 edocent,
494 3497 571 3549 initio
601 3501 706 3567 quidem
725 3511 796 3557 tecte
816 3516 895 3576 atque
921 3510 1035 3562 obscure
1053 3520 1188 3579 postremo
1207 3525 1294 3568 autem
1310 3534 1377 3585 pro-

276 3564 389 3615 cedente
418 3566 605 3633 exploratione
633 3572 684 3623 iam
705 3576 811 3629 facilius
839 3579 917 3631 etiarn
951 3582 984 3633 ad
1009 3584 1107 3649 primas
1137 3602 1230 3639 causas
1252 3595 1278 3638 et
1296 3590 1389 3642 insti-·

274 3635 393 3687 tutiones
412 3636 532 3690 colorum
553 3649 579 3692 et
606 3641 711 3696 habitus
737 3649 818 3698 animi
842 3650 954 3704 ducunt·
969 3661 1049 3721 utque
1070 3658 1168 3709 sensim
1193 3658 1376 3728 paulatimque

276 3704 419 3759 continuae
438 3713 645 3777 comparationis
660 3717 792 3769 ordinem
818 3719 954 3775 illustrant
981 3727 1128 3794 primisque
1156 3724 1375 3797 vestigiis‘iuse.

275 3784 400 3840 quentem
418 3778 635 3835 observationum
653 3802 758 3838 cursum
778 3800 973 3857 superstruunt.
1012 3798 1044 3849 ad
1062 3799 1164 3850 incerta
1185 3803 1287 3853 somnia
1306 3818 1376 3854 con.

274 3846 380 3913 fugiunt
400 3850 492 3901 eodem
510 3868 594 3919 more,
615 3872 667 3924 quo
682 3862 878 3927 tragoediarum
891 3867 1035 3933 scriptores
1054 3871 1082 3920 in
1103 3873 1328 3926 conversionibus
1348 3886 1375 3927 et

275 3918 348 3969 exitu
368 3917 515 3973 fabularum
534 3926 584 3976 deo
603 3929 716 3995 quodam
736 3946 769 3981 ex
787 3932 910 3984 machina
929 3951 996 4004 opus
1016 3939 1130 4005 habent,
1149 3958 1228 4009 quum
1248 3945 1299 4010 ipsi
1318 3960 1375 3997 non

275 3988 356 4040 facile
382 3994 595 4057 propositionum
621 3999 746 4052 falsarum
775 4011 802 4053 et
828 4006 926 4055 rationi
951 4023 1005 4060 uon
1031 4021 1270 4066 consentanearum
1295 4016 1375 4069 finem

275 4068 363 4127 aptum
383 4062 514 4116 adducere
533 4069 644 4133 possint.
682 4080 763 4141 utque
781 4074 825 4126 isti
849 4091 956 4145 quoque
976 4081 1057 4137 falsas
1086 4101 1119 4135 ex
1137 4088 1246 4139 somniis
1261 4085 1374 4153 praedi.
