3017 4759
296 245 372 320 σοι
573 239 832 320 'memnoni
862 247 1092 316 onmem

295 413 479 496 ἀμφοτέρας
501 411 735 496 ἀνολεγόμεθα,
756 417 878 496 κίνησιν
897 414 959 493 μὲν
986 403 1042 475 ὅτε
1066 411 1201 494 η’ρεμίας
1232 402 1415 491 ἀπόφασίν

294 534 330 575 τε
351 515 407 576 καί
426 509 572 579 ἔκστασιν
585 505 698 595 οὖσαν,
718 515 857 598 η’ρεμίαν
878 515 910 576 δ’
929 504 973 576 αά
988 507 1141 594 κινήσεως
1160 501 1246 583 εἶδος
1270 505 1334 569 καί
1358 507 1414 568 ἒν-

295 613 467 692 τιλέχειαν,
488 612 661 696 ἱριζοσσάν
675 639 709 679 τε
728 618 786 678 καί
796 611 1059 699 περιγράφονσαν
1074 609 1110 674 τό
1125 609 1302 690 κεχυμένον
1321 607 1413 670 ἐκεί-

295 736 351 793 νης
370 717 425 776 καί
443 707 561 798 όφετοι
576 717 633 778 καί
651 715 813 798 ἀόριστον.
863 717 919 778 καί
947 718 1012 777 δεῖν
1032 711 1195 794 ἑκατέροις
1213 713 1412 792 κεχρῆσθαι

256 811 374 877 §surii
396 811 451 878 τόν
469 810 634 898 ἑκατέροις
653 814 850 899 προσήκοντα
873 813 966 898 λόγον
987 815 1042 879 καί
1060 815 1189 893 τρόπον.
1231 810 1433 893 γινοόσκειν5

294 906 353 976 οάν
374 938 411 980 σε
441 920 548 997 χρεών
579 919 624 993 ἀς
654 911 757 980 πολλά
775 942 810 1000 γε
841 921 973 981 τοιαῦτα
1000 924 1167 996 παρεῖται,
1199 914 1281 994 μήτε
1305 910 1410 992 λόγου

168 1014 286 1070 Ηθθῖ·
293 1013 430 1097 μηδενός
450 1007 525 1093 ἀξια
547 1009 620 1080 ὄντα
639 1018 719 1099 μήτε
740 1023 861 1098 γέλωτα
885 1020 1015 1101 φεόγειν
1036 1014 1175 1097 κωμικόν
1219 1009 1405 1092 δσνάμενα.

244 1186 251 1195 ,
295 1117 411 1181 ονίίια
432 1116 494 1199 γάρ
516 1117 593 1199 περί
609 1123 668 1182 τοῦ
689 1121 747 1180 οὖν
767 1141 819 1182 σοι
839 1124 1043 1202 προτεθέντος
1064 1114 1202 1200 πράτου·
1216 1110 1409 1197 ζητηματσς

295 1214 312 1278 ό
331 1217 362 1278 Γ
358 1219 495 1299 ρηγοράς
519 1214 621 1297 μικρά
642 1242 714 1280 τινα
746 1221 846 1282 εἰπόν
868 1218 1085 1300 ἀπήλλακται,
1105 1213 1251 1300 περιττόν
1274 1209 1409 1297 ἦγησά-

293 1309 550 1403 μενοςῦόμαδὲσι
573 1315 757 1381 παντάπασι
789 1314 891 1399 λόγοις
914 1320 1098 1400 ἀποκρίσεις
1130 1320 1196 1381 κατ’
1219 1316 1408 1398 ἐπιστήμην
1417 1314 1444 1368 1⁰

295 1413 492 1478 ἀποδιδόναι
522 1417 647 1499 ζητεῖν·
700 1420 783 1499 μηδὲ
806 1416 867 1500 γὰρ
890 1410 976 1480 εἶναί
1003 1442 1083 1502 φησι
1104 1417 1270 1480 κοινωνίαν
1294 1417 1409 1498 μηδε-

294 1517 373 1593 μίαν
393 1510 500 1599 ίόσπερ
522 1510 598 1582 σόει
626 1522 712 1603 φωτί
740 1517 818 1601 πρός
838 1519 971 1602 σκότος,
1001 1517 1104 1595 οὕτως
1134 1518 1204 1582 οὔδ’
1237 1515 1407 1602 ἐπιστήμη

296 1615 378 1698 πρός
398 1617 553 1697 ἀμαθίαν.
609 1615 685 1684 ὅθεν
714 1622 771 1683 καί
791 1619 845 1683 διὰ
870 1617 927 1702 την
948 1621 1074 1685 τοιάνδε
1098 1622 1154 1684 καί
1176 1613 1278 1693 σόιως
1301 1616 1409 1700 ἔχοι·-

243 1767 251 1792 „
295 1739 357 1780 σαν
376 1715 533 1800 σόγχοσιν
564 1713 634 1782 οὔδ’
663 1717 771 1802 ἔμοιγε
798 1722 936 1803 ἀκριβῶς
963 1722 1128 1807 εἰληφέναι
1151 1717 1206 1803 την
1224 1722 1286 1784 τῶν
1309 1721 1408 1800 εἰρη-

296 1820 401 1896 μίνοοι
421 1821 529 1907 ἐκείνη
556 1825 636 1895 τέοις
663 1823 719 1884 ἐπί
737 1819 858 1898 τούτοις
877 1822 1058 1907 κατάληψιν
1084 1824 1231 1903 ἐπιμελὲς
1250 1819 1407 1903 ἐγεγόνει.
1417 1839 1443 1890 15

296 1915 356 1997 σι’γν
380 1917 409 1980 δ’
430 1911 517 1998 ὅμως
536 1921 633 2002 χάριν
654 1922 718 2001 ε’ρῶ
740 1923 805 1985 ταῖν
819 1918 941 1996 ἐκείνου
954 1927 1090 2006 βραχέα,
1112 1925 1167 1986 καί
1188 1916 1245 1997 ὅσα
1268 1923 1302 1995 ἐς
1329 1917 1407 1985 τόδε

295 2019 468 2097 παρέμεινε
498 2023 539 2107 τῇ
566 2023 692 2109 διανοίη
718 2045 782 2102 μοι
823 2022 1068 2108 ὃπωσδηπστοῦν
1105 2027 1334 2108 ἐπιτρέχοντα,
1369 2019 1408 2083 οὔ

296 2123 361 2190 ΐθῖί
381 2119 572 2201 παραλόγως
595 2120 698 2203 λόγοις
718 2124 776 2188 roal
800 2130 947 2204 Παλαμᾶ
964 2121 1021 2207 τη“ν
1044 2124 1205 2209 ἀφήγησιν
1224 2126 1409 2206 χαριζόμε-

188 2277 208 2312 Ι
298 2238 361 2297 νος,
383 2217 464 2282 ἄλλό
485 2219 544 2303 τὴν
563 2219 622 2304 σην
645 2223 758 2308 φιλίαν
774 2231 885 2289 λυπεῖν
906 2226 947 2288 ου’
962 2225 1165 2306 βουλόμενος.

265 2327 286 2380 ἱ
393 2317 431 2383 ‘0
451 2318 510 2404 γάρ
531 2343 577 2386 τοι
600 2326 632 2388 Γ
629 2330 769 2410 ρηγσράς
791 2325 871 2410 πρὸς
893 2319 984 2399 τοὺς
1000 2329 1070 2391 ἐκεῖ
1087 2328 1257 2411 τηνικαῦτα
1281 2324 1444 2408 παρόν-λθ

301 2441 359 2492 τος
381 2426 552 2506 σιραφείς,
574 2424 629 2486 καί
657 2428 783 2502 τούτοις
811 2430 971 2510 ἐνερείσας
1000 2425 1073 2502 τοὺς
1098 2425 1310 2513 ὀφθαλμούς,
1331 2419 1406 2507 “ἀρ’

301 2521 359 2584 otis
380 2521 522 2602 η’λίθισς”
555 2526 637 2608 φησί
650 2520 729 2590 “sat'
754 2527 938 2608 nondumne
960 2528 1120 2613 νηπιιόδης
1151 2522 1328 2610 ἡσότσιγ·
1351 2529 1408 2590 εό-

301 2616 363 2695 &rig
381 2622 528 2706 θῖοημίνη
552 2623 708 2706 πρότασις
736 2626 816 2712 πρός
846 2631 903 2692 τοῦ
916 2632 1072 2710 ΙΠαλομοῖ
1093 2632 1240 2712 recrevi,
1273 2627 1318 2704 σός
1343 2631 1407 2691 πᾶν

301 2716 336 2784 τό
358 2723 561 2806 συγκείμενον
581 2727 637 2790 καί
650 2725 817 2805 οόσιοόδιις
839 2729 1000 2816 διαφοράς
1021 2728 1097 2814 ἔχον
1120 2728 1277 2796 σόνδετον
1300 2732 1403 2803 ἑστίη
1451 2797 1455 2802 ,

303 3039 434 3112 quandam
453 3053 532 3094 ornne
550 3042 624 3097 iilius
652 3043 765 3096 effusum
785 3051 812 3096 et
831 3043 988 3096 dissolutum
1009 3050 1036 3095 et
1055 3059 1108 3095 non
1134 3043 1234 3096 finitum
1254 3043 1405 3096 terminun-

301 3122 355 3165 tent
384 3121 412 3164 et
435 3113 531 3166 fluibus
551 3117 821 3168 circumscribentem.
869 3124 1008 3184 utrumque
1035 3116 1212 3168 adhibendum
1241 3124 1281 3166 est
1301 3132 1405 3167 secun-

302 3186 364 3236 dnm
383 3186 520 3253 utriusque
538 3188 671 3237 rationem
688 3196 714 3238 et
731 3188 845 3238 moduni.
868 3202 1035 3255 cognoscere
1048 3188 1129 3256 igitur
1147 3195 1174 3238 te
1189 3195 1304 3253 oportet,
1326 3203 1405 3254 quam

303 3255 386 3307 multa
406 3256 535 3308 eiusmodi
556 3256 653 3328 relicta
670 3259 724 3309 sint
745 3268 790 3309 aut
810 3259 932 3310 oratione
953 3273 1006 3310 non
1025 3259 1106 3325 dignu
1125 3267 1170 3309 nut
1184 3274 1251 3327 quae
1271 3260 1405 3310 comicum

302 3327 385 3378 risum
404 3326 524 3393 effugere
548 3342 603 3378 non
627 3331 741 3395 possint.
785 3331 871 3381 statim
897 3331 966 3380 enim
995 3331 1027 3382 de
1047 3331 1204 3397 qurestione
1232 3330 1315 3395 prima
1344 3345 1361 3380 a
1379 3338 1405 3380 te

303 3394 417 3464 prolata,
438 3397 571 3464 Gregoras
588 3401 682 3465 psncis
703 3401 857 3467 quibusdam
874 3402 952 3453 dictis
968 3401 1069 3453 abstitit
1089 3400 1250 3468 superfluum
1272 3399 1405 3452 arbitrans

302 3467 419 3518 indoctis
440 3470 548 3520 omnino
566 3471 732 3523 sermonibus
752 3489 767 3522 e
786 3472 907 3524 doctriua
934 3473 1098 3539 respondere
1117 3470 1201 3523 veile.
1249 3488 1300 3523 nec
1322 3473 1404 3534 enim,

304 3540 400 3607 inquit,
420 3547 449 3590 ut
468 3541 537 3591 inter
557 3540 646 3592 lumen
667 3551 693 3593 ct
711 3543 853 3607 tenebras,
877 3545 915 3594 ita
939 3545 1009 3595 inter
1037 3544 1181 3595 doctrinam
1208 3552 1234 3594 et
1260 3544 1405 3604 inscitiam,

304 3609 361 3662 ulla
379 3613 505 3663 societas,
542 3612 577 3663 ob
598 3612 666 3663 banc
685 3615 768 3680 igitur
786 3615 826 3665 rei
845 3615 1070 3680 perturbationem
1089 3630 1132 3665 me
1151 3616 1208 3666 eius
1227 3615 1340 3666 rationis
1360 3629 1405 3664 ar-

304 3690 457 3750 gumentum
478 3697 532 3734 uon
551 3684 632 3750 plane
650 3686 806 3751 percepisse
824 3685 903 3736 valde
923 3686 1012 3737 doleo.
1050 3694 1137 3736 tamen
1160 3701 1192 3736 ex
1208 3687 1241 3737 iis
1263 3701 1332 3753 quae
1357 3685 1405 3736 ad-

306 3752 358 3802 buc
376 3755 404 3804 in
423 3756 548 3806 memoria
567 3764 751 3806 remanserunt
776 3755 840 3807 licet
868 3757 1019 3824 ubicunque
1043 3757 1096 3808 sint
1120 3756 1239 3808 breviter
1264 3757 1405 3818 enarrabo,

304 3837 359 3874 non
384 3839 438 3891 quo
462 3826 561 3890 ineptis
585 3827 676 3878 verbis
703 3826 827 3878 Palamae
854 3829 1034 3879 narrationem
1061 3828 1182 3891 foveam,
1213 3843 1306 3878 verum
1335 3825 1406 3896 qnod

302 3895 389 3946 amico
409 3896 602 3962 aegritudinem
621 3898 717 3949 afferre
736 3897 830 3948 noiim.

406 3991 539 4059 Gregorius
558 3992 589 4043 ad
613 4008 660 4042 eos
680 3995 725 4060 qui
745 3994 856 4044 aderaut
875 4009 1022 4046 conversus
1052 4003 1078 4046 et
1097 3993 1250 4056 oculoseis
1272 3993 1407 4074 infigens,

303 4076 393 4115 nonne
411 4062 501 4126 stulta,
523 4063 617 4130 inquit,
641 4073 667 4114 et
687 4066 795 4114 omnino
816 4063 903 4115 inanis
928 4066 1027 4118 bneca
1053 4066 1159 4118 Palatua
1186 4067 1256 4117 dicta
1277 4067 1406 4134 proposi.

302 4133 367 4188 tio?
403 4149 481 4187 omne
500 4136 571 4206 quod
590 4136 742 4187 continetur
762 4143 789 4186 et
809 4136 967 4189 essentiales
994 4140 1139 4192 varietates
1158 4137 1249 4205 babet,
1268 4139 1406 4210 composi.
