3017 4759
297 238 369 321 rot
589 255 829 341 ,urcrooonr
859 256 1093 326 cuneorum

292 438 388 499 μενον
408 420 467 483 τοῦ
487 420 575 498 δεοῦ,
597 412 653 483 κᾶν
677 422 802 505 φαῦλον
830 412 913 487 εἶναι
935 422 1035 509 δσκῇ,
1068 416 1196 487 πάντων
1216 418 1302 488 ἐστίν
1326 415 1403 507 ῦρι-

293 540 384 587 οταν·
428 516 465 583 κδ
489 521 525 584 δδ
548 517 635 602 παρὰ
656 519 783 606 γνιδμρν
809 520 863 586 καί
892 520 937 606 μή
960 523 1074 585 δοκοῦν
1094 524 1221 613 ε’κείνρι,
1244 517 1302 589 κιίν
1324 517 1401 607 ῦρι-

293 646 367 691 στον
389 615 472 687 εἶναι
492 622 680 706 νομίζηται,
705 624 831 689 πάντων
859 622 930 689 ἐστι’
950 624 1150 708 φαυλότατον
1181 628 1237 689 καί
1257 651 1404 707 παρανο-

292 725 448 807 μώτατον.
499 717 558 787 κῦν
581 725 722 813 φονεύσῃ
744 748 793 799 τις
824 722 900 791 κακοὶ
935 723 1061 808 γνώμην
1086 727 1144 789 τοῦ
1170 730 1262 806 θεοῦ,
1283 734 1402 813 φιλαν-

292 829 441 909 θρωπίας
463 826 574 912 [πάσης
602 830 735 909 βελτίων
770 824 926 911 δφόνος·
976 821 1034 890 νῦν
1062 828 1214 911 φείσρταί
1235 851 1283 901 τις
1310 826 1428 912 napis

293 926 330 994 τῦ
350 928 465 991 δοκοῦν
499 926 627 1016 ε’κείνρι,
655 926 756 1014 φόνου
785 924 904 1003 παντὸς
934 927 1131 1009 ἀνοσιωτέρα
1157 930 1270 1009 γίνοιτ’
1301 923 1341 994 ιίν
1379 926 1398 1013 ἦ

296 1026 408 1115 φοιδοί.
452 1027 493 1092 οῦ
517 1031 578 1110 γὰρ
612 1028 631 1112 ἦ
663 1028 762 1114 φῦσις
784 1033 846 1093 τῶν
867 1030 1061 1113 πραγμάτων
1091 1028 1159 1092 ἀλλ’
1183 1025 1216 1095 αἱ
1239 1034 1296 1093 τοῦ
1318 1032 1399 1095 θεοῦ

296 1134 403 1217 ψῆφοι
424 1128 503 1196 καλοί
529 1132 585 1195 καί
604 1131 716 1215 φαῦλα
737 1134 827 1194 ταῦτ’
849 1122 932 1195 εἶναι
954 1131 1111 1194 ποιοῦσιν.
1162 1124 1269 1211 οἵσπερ
1294 1132 1323 1194 δ’
1345 1131 1399 1197 ε’κ-

294 1235 398 1313 είνοις,
419 1232 527 1317 φησίν,
552 1232 745 1313 ἐγκαλοῦμεν
766 1226 816 1296 δτι
838 1234 1094 1314 παρανομοῦσιν,
1115 1223 1198 1294 οῦτω
1219 1229 1274 1294 καί
1295 1235 1399 1319 πολλῷ

291 1332 413 1415 μᾶλλον
441 1333 518 1415 ῦμῖν
552 1329 600 1398 ῦτι
630 1341 696 1407 τοῖς
729 1335 952 1418 παρανομοῦσι
983 1335 1186 1413 συνέρχεσθε.
1241 1332 1297 1397 καί
1325 1330 1401 1414 ου’χί
1411 1336 1445 1390 10

293 1442 358 1508 coit
378 1438 589 1517 συντρέχουσι
606 1434 723 1515 μόνον,
748 1430 829 1497 ἄλλα
854 1432 908 1497 καί
928 1440 993 1507 τοῖς
1022 1434 1143 1511 κυριόις
1161 1435 1220 1513 μὲν
1242 1426 1314 1497 οῦοι
1334 1458 1398 1497 κω.

294 1538 401 1616 λῦσαι,
424 1532 469 1617 μῆ
490 1533 694 1616 βουλομένοις
716 1537 762 1599 δέ.
820 1534 852 1598 εί
871 1535 930 1615 γὰρ
956 1532 1001 1609 είς
1035 1519 1171 1613 θέατρον
1195 1534 1254 1597 οῦκ
1276 1532 1399 1618 ἐπιτρί.

294 1656 393 1717 πομεν
426 1636 594 1715 α’πελδεῖν,
623 1641 728 1725 πολλρῦ
754 1638 876 1716 μᾶλλον
906 1633 959 1699 ε’πί
987 1634 1171 1717 συναγωγῆς
1202 1637 1294 1699 τοῦτο
1327 1635 1395 1720 χρή

294 1742 412 1799 ποιεῖν·
462 1738 581 1815 μείζων
603 1738 663 1818 γὰρ
688 1739 870 1819 παρανομία
908 1738 1026 1820 ἐκείνης
1054 1728 1159 1820 αῦτη,
1183 1728 1232 1800 ῦτι
1256 1737 1324 1801 ἐκεῖ
1340 1741 1401 1818 μὲν

259 1849 284 1901 Ι
296 1831 440 1917 ῦμαρτιά
455 1835 491 1898 τῦ
515 1837 691 1917 γινόμενον,
711 1838 855 1900 ἐνταῦθα
880 1837 908 1899 δ’
928 1834 1089 1915 ιίσέβεια.”
1131 1834 1207 1924 δρᾷς
1228 1832 1270 1909 οῦς
1292 1834 1347 1900 καί
1362 1823 1397 1901 τό
1412 1842 1445 1895 15

296 1934 440 2019 χρηστὸν
461 1938 561 2001 ἐνίοτε
596 1938 692 2017 δόξαν
717 1932 798 2001 εἶναι
821 1935 917 1999 xcxiv
949 1932 1010 1999 ῦπό
1037 1940 1095 2000 τοῦ
1116 1939 1206 2002 θείου
1226 1939 1320 2002 τοῦδε
1340 1936 1400 2000 α’ν-

297 2036 375 2120 δρδς
396 2036 591 2121 euticem
619 2037 676 2103 καί
705 2033 783 2123 ῦσρν
814 2038 960 2102 ἐντεῦθεν
989 2042 1105 2114 ἐκεῖνος
1140 2038 1196 2122 τήν
1217 2040 1399 2121 ἐπιτίμησιν

296 2143 337 2227 τῇ
358 2140 421 2205 wir
443 2135 634 2223 ἑτεροδόξων
654 2144 800 2231 κοινωνίρι
819 2138 1019 2222 προσάπτεις
1051 2134 1154 2225 ῦγιίρ
1176 2164 1222 2215 τις
1242 2134 1397 2203 δεσπότου
1482 2150 1487 2169 ’

83 2296 89 2312 ,
171 2239 545 2323 Μίδαπροστιίιτοντος
574 2243 655 2324 δρῦν
678 2236 790 2324 ἥκιστα
813 2245 890 2329 cippi,
928 2239 1047 2306 τούτων
1070 2241 1229 2327 τιμωρίαν
1250 2243 1275 2281 “
1295 2243 1400 2304 τίννυ-

299 2362 350 2404 σιν
373 2335 502 2415 εἰκότως
522 2339 620 2415 αῦτός
642 2340 658 2405 i
679 2339 722 2427 per}
748 2345 845 2425 δροῦν,
866 2345 920 2407 καί
952 2343 983 2407 εί
1001 2342 1046 2426 μὴ
1070 2339 1165 2407 κακὸν
1189 2339 1336 2428 ἀπαντῴη
1361 2335 1444 2404 uino

299 2441 417 2523 πέρας·
460 2446 516 2506 καί
536 2445 719 2508 τοῦναντίον
741 2437 856 2519 αῦδις·
915 2446 953 2506 ου’
974 2441 1034 2528 γὰρ
1058 2452 1124 2519 τοῖς
1143 2446 1207 2508 τῶν
1228 2444 1398 2524 δρωμένων

298 2544 432 2625 πέρασιν
453 2539 536 2619 είκδς
559 2544 747 2609 α’κολουθεῖν
778 2546 836 2629 τὴν
863 2548 922 2609 τοῦ
942 2548 1100 2629 κρίνοντος
1119 2544 1307 2628 ἀπόφασιν,
1328 2542 1399 2605 ἀλλ’

299 2835 369 2893 ραοε
395 2822 423 2873 in
442 2820 528 2874 oculie
547 2831 609 2876 eunt
628 2825 766 2893 respicere
790 2838 840 2878 noe
862 2833 978 2893 oportet,
999 2826 1046 2878 red
1066 2826 1145 2877 etiarn
1165 2826 1283 2877 rutionee
1301 2826 1396 2894 inqui.

301 2909 363 2947 rere
382 2908 451 2963 quoe
475 2892 517 2948 hie
537 2895 675 2948 subiectae
693 2897 755 2947 rint.
794 2897 833 2947 ric
854 2897 919 2949 dicit
938 2911 1035 2949 nureue
1056 2898 1171 2964 scriptor
1191 2896 1315 2949 ionnuer.
1334 2911 1397 2949 num

298 2980 476 3037 quaecunque
496 2969 640 3019 secundum
659 2968 702 3019 dei
720 2968 787 3023 iiuni
808 2967 982 3032 voluntatem,
1004 2968 1070 3021 licet
1087 2968 1165 3021 nobie
1177 2983 1260 3036 prove
1281 2968 1396 3021 videon.

297 3047 340 3091 tur
358 3045 446 3089 tamen
468 3046 530 3090 sunt
547 3040 654 3107 optimo.
677 3054 746 3108 quoe
766 3054 833 3092 vero
853 3048 945 3091 contre
966 3040 1009 3091 dei
1028 3040 1095 3091 fiunt
1116 3040 1279 3091 voluntatem
1292 3040 1396 3091 etiamsi

297 3110 398 3176 optimo
420 3108 560 3174 habentur,
581 3111 696 3162 omnium
715 3113 830 3178 pessimo
848 3120 910 3163 eunt
929 3118 956 3161 et
977 3111 1144 3178 pravissimo.
1180 3112 1271 3177 itaque
1292 3112 1395 3179 siquis

297 3182 348 3234 deo
368 3179 478 3231 iubente
499 3183 649 3249 quempiam
671 3183 796 3247 trucidet,
818 3182 843 3234 id
862 3181 958 3233 meiius
978 3183 1199 3251 estquumeieum
1221 3196 1310 3233 eruore
1328 3195 1396 3249 pro-

297 3257 439 3318 sequutum
461 3252 528 3312 etsi
549 3255 607 3321 quie
634 3262 725 3320 puroet
743 3256 858 3322 cuipiam
880 3254 930 3305 deo
951 3262 1081 3317 vetante,
1114 3254 1236 3319 inpetus
1257 3260 1297 3304 eet
1316 3268 1395 3320 quum

298 3323 321 3374 oi
341 3320 451 3372 caedem
475 3332 621 3388 perpetret.
664 3338 753 3391 neque
781 3327 851 3377 enirn
872 3326 978 3392 species
998 3325 1121 3376 beurene
1142 3325 1195 3375 rint
1216 3338 1259 3375 rer
1277 3339 1310 3374 un
1330 3338 1395 3390 pru.

297 3408 358 3456 rue,
380 3392 514 3459 reiquae
535 3394 563 3445 in
583 3396 616 3447 iir
634 3395 677 3447 dei
696 3395 822 3449 voluntas
841 3405 977 3464 apparent,
999 3396 1106 3448 indicat.
1128 3403 1157 3447 ut
1178 3410 1244 3448 vero
1257 3408 1307 3447 noo
1328 3395 1396 3445 istor

297 3464 368 3534 quod
396 3464 542 3518 doctrinam
574 3465 684 3518 laedunt
701 3467 738 3518 itu
756 3467 802 3520 vel
827 3468 911 3520 multo
939 3468 1024 3535 mugio
1051 3468 1218 3533 increpemur
1238 3480 1305 3530 voe,
1325 3466 1397 3533 quod

296 3552 357 3590 cum
381 3535 533 3589 iuiideiibue
558 3539 715 3590 societatem
735 3538 833 3591 fucitis.
880 3555 969 3608 neque
991 3546 1078 3590 tumen
1099 3553 1145 3591 eon
1163 3546 1264 3589 tontum
1284 3538 1328 3605 qui
1348 3552 1397 3588 κο..

297 3610 422 3661 cieutem
451 3607 554 3660 iaciunt
582 3611 749 3677 increpemus
777 3612 822 3662 σεδ
843 3612 921 3662 etium
941 3624 1007 3679 quoe
1027 3610 1172 3678 prohibere
1191 3623 1271 3677 pomo
1290 3607 1398 3676 quidem

198 3728 203 3737 .
296 3681 404 3744 ecimus,
425 3696 477 3732 nec
497 3694 563 3732 vero
582 3679 671 3745 velle;
691 3690 718 3735 et
735 3684 757 3733 si
778 3682 948 3750 frequentare
968 3680 1099 3733 theatrum
1118 3688 1249 3744 vetamur,
1268 3680 1295 3731 id
1312 3678 1396 3730 multo

297 3753 382 3819 mugio
405 3766 455 3802 nor
481 3759 588 3819 oportet
614 3760 746 3816 vetemus,
770 3754 839 3821 quod
858 3755 890 3805 ad
910 3768 1073 3822 synogogam
1094 3754 1199 3804 attinet.
1236 3766 1296 3802 num
1316 3749 1397 3802 huius

296 3822 420 3889 impietur
447 3824 532 3875 maior
556 3824 729 3891 conspicitur.
772 3840 868 3891 nempe
894 3824 952 3876 illic
970 3840 1039 3893 quoe
1057 3832 1171 3892 aguntur
1190 3822 1397 3890 improbarunt,

297 3894 341 3945 hic
361 3902 449 3945 autem
471 3911 537 3948 vere
560 3897 668 3962 impiu.“
709 3897 785 3948 vides
807 3898 888 3965 igitur
907 3896 1125 3965 quemadmodum
1144 3910 1214 3964 quoe
1235 3896 1305 3945 iustu
1322 3907 1398 3945 non-

296 3980 430 4033 uunquam
455 3967 596 4019 videantur
616 3969 658 4019 vir
676 3967 724 4021 ille
752 3970 935 4020 sanctissimus
954 3982 1037 4034 provo
1064 3968 1226 4030 medicat,
1256 3973 1282 4017 et
1305 3980 1394 4033 queu-

297 4047 393 4105 topere
419 4036 464 4089 hic
483 4053 531 4089 eoo
552 4039 676 4106 increpet
695 4040 742 4108 qui
768 4056 825 4091 cum
852 4040 1003 4091 infidelibus
1029 4039 1136 4091 iaciunt.
1180 4040 1271 4108 itaque
1293 4038 1316 4089 εἰ
1335 4036 1397 4105 quir

297 4109 397 4163 domini
429 4109 595 4161 voluntatem
617 4126 672 4163 non
703 4112 826 4179 exegerit
851 4110 919 4162 hunc
937 4112 972 4163 ob
993 4126 1097 4163 causum
1124 4124 1226 4178 poenus
1246 4107 1317 4160 dubit
1337 4108 1400 4159 rivo

298 4180 366 4235 nittt
396 4178 474 4237 illinc
498 4180 561 4237 meli
586 4181 683 4235 exierit
708 4183 768 4235 eive
795 4185 954 4235 contrarium
976 4183 1112 4235 occiderit.
1158 4196 1218 4237 nom
1235 4194 1289 4232 nou
1309 4176 1399 4249 qualit
