<?xml version="1.0" encoding="UTF-8"?>
<!DOCTYPE html PUBLIC "-//W3C//DTD XHTML 1.0 Transitional//EN"
    "http://www.w3.org/TR/xhtml1/DTD/xhtml1-transitional.dtd">
<html xmlns="http://www.w3.org/1999/xhtml" xml:lang="en" lang="en">
 <head>
  <title>
</title>
<meta http-equiv="Content-Type" content="text/html;charset=utf-8" />
  <meta name='ocr-system' content='tesseract 3.04.00' />
  <meta name='ocr-capabilities' content='ocr_page ocr_carea ocr_par ocr_line ocrx_word'/>
</head>
<body>
  <div class='ocr_page' id='page_1' title='image "./corpusscriptoru13theogoog/corpusscriptoru13theogoog_0306.png"; bbox 0 0 3017 4759; ppageno 0'>
   <div class='ocr_carea' id='block_1_1' title="bbox 292 214 1090 343">
    <p class='ocr_par' dir='ltr' id='par_1_1' title="bbox 292 214 1090 343">
     <span class='ocr_line' id='line_1_1' title="bbox 292 214 1090 343; baseline -0.014 1"><span class='ocrx_word' id='word_1_1' title='bbox 292 262 368 343; x_wconf 73' lang='lat'><strong>284</strong></span> <span class='ocrx_word' id='word_1_2' title='bbox 536 214 543 227; x_wconf 23' lang='grc' dir='ltr'>ι</span> <span class='ocrx_word' id='word_1_3' title='bbox 601 269 825 341; x_wconf 78' lang='lat' dir='ltr'><strong>urcuauour</strong></span> <span class='ocrx_word' id='word_1_4' title='bbox 859 266 1090 335; x_wconf 74' lang='lat' dir='ltr'><strong>cussonis</strong></span> 
     </span>
    </p>
   </div>
   <div class='ocr_carea' id='block_1_2' title="bbox 289 418 1437 2647">
    <p class='ocr_par' dir='ltr' id='par_1_2' title="bbox 289 418 1437 2647">
     <span class='ocr_line' id='line_1_2' title="bbox 290 418 1394 520; baseline -0.015 -18"><span class='ocrx_word' id='word_1_5' title='bbox 290 434 372 503; x_wconf 79' lang='grc' dir='ltr'><strong><em>ἄλλά</em></strong></span> <span class='ocrx_word' id='word_1_6' title='bbox 411 435 447 501; x_wconf 81' lang='grc' dir='ltr'><strong><em>τὸ</em></strong></span> <span class='ocrx_word' id='word_1_7' title='bbox 475 439 531 520; x_wconf 78' lang='grc' dir='ltr'><strong><em>τῆς</em></strong></span> <span class='ocrx_word' id='word_1_8' title='bbox 563 437 737 517; x_wconf 79' lang='grc' dir='ltr'><strong><em>παροιμίας</em></strong></span> <span class='ocrx_word' id='word_1_9' title='bbox 769 433 833 497; x_wconf 86' lang='grc' dir='ltr'><strong>ιίπὸ</strong></span> <span class='ocrx_word' id='word_1_10' title='bbox 869 430 974 513; x_wconf 82' lang='grc' dir='ltr'><strong><em>κάπης</em></strong></span> <span class='ocrx_word' id='word_1_11' title='bbox 1001 433 1057 495; x_wconf 80' lang='grc' dir='ltr'><strong>ἐπί</strong></span> <span class='ocrx_word' id='word_1_12' title='bbox 1089 426 1122 493; x_wconf 85' lang='grc' dir='ltr'><strong><em>τά</em></strong></span> <span class='ocrx_word' id='word_1_13' title='bbox 1149 430 1240 509; x_wconf 76' lang='grc' dir='ltr'><strong><em>βῆμα</em></strong></span> <span class='ocrx_word' id='word_1_14' title='bbox 1268 425 1324 487; x_wconf 78' lang='grc' dir='ltr'><strong>καί</strong></span> <span class='ocrx_word' id='word_1_15' title='bbox 1347 418 1394 487; x_wconf 69' lang='grc' dir='ltr'><strong><em>’τά</em></strong></span> 
     </span>
     <span class='ocr_line' id='line_1_3' title="bbox 290 524 1396 621; baseline -0.016 -16"><span class='ocrx_word' id='word_1_16' title='bbox 290 536 481 621; x_wconf 71' lang='grc' dir='ltr'><strong>στρατήγιον</strong></span> <span class='ocrx_word' id='word_1_17' title='bbox 513 542 663 621; x_wconf 72' lang='grc' dir='ltr'><strong>ἐξαίφνης</strong></span> <span class='ocrx_word' id='word_1_18' title='bbox 688 533 843 615; x_wconf 81' lang='grc' dir='ltr'><strong><em>ἔδραμες,</em></strong></span> <span class='ocrx_word' id='word_1_19' title='bbox 874 540 955 615; x_wconf 85' lang='grc' dir='ltr'><strong><em>λε’γω</em></strong></span> <span class='ocrx_word' id='word_1_20' title='bbox 986 532 1024 613; x_wconf 80' lang='grc' dir='ltr'><strong><em>δη’</em></strong></span> <span class='ocrx_word' id='word_1_21' title='bbox 1060 529 1097 596; x_wconf 81' lang='grc' dir='ltr'><strong><em>τά</em></strong></span> <span class='ocrx_word' id='word_1_22' title='bbox 1128 534 1289 609; x_wconf 81' lang='grc' dir='ltr'><strong><em>θεολογεῑν</em></strong></span> <span class='ocrx_word' id='word_1_23' title='bbox 1319 524 1396 588; x_wconf 86' lang='grc' dir='ltr'><strong><em>α’νί-</em></strong></span> 
     </span>
     <span class='ocr_line' id='line_1_4' title="bbox 289 622 1397 723; baseline -0.016 -20"><span class='ocrx_word' id='word_1_24' title='bbox 289 661 378 713; x_wconf 88' lang='grc' dir='ltr'><strong><em>πτοις</em></strong></span> <span class='ocrx_word' id='word_1_25' title='bbox 410 661 444 701; x_wconf 85' lang='grc' dir='ltr'><strong><em>τε</em></strong></span> <span class='ocrx_word' id='word_1_26' title='bbox 465 636 562 719; x_wconf 83' lang='grc' dir='ltr'><strong><em>χερσί</em></strong></span> <span class='ocrx_word' id='word_1_27' title='bbox 589 635 645 698; x_wconf 80' lang='grc' dir='ltr'><strong>καί</strong></span> <span class='ocrx_word' id='word_1_28' title='bbox 666 636 776 723; x_wconf 76' lang='grc' dir='ltr'><strong><em>σαθρᾴ</em></strong></span> <span class='ocrx_word' id='word_1_29' title='bbox 805 637 947 719; x_wconf 73' lang='grc' dir='ltr'><strong><em>διανοίη,</em></strong></span> <span class='ocrx_word' id='word_1_30' title='bbox 977 636 1054 717; x_wconf 83' lang='grc' dir='ltr'><strong><em>φέρε</em></strong></span> <span class='ocrx_word' id='word_1_31' title='bbox 1087 622 1145 694; x_wconf 85' lang='grc' dir='ltr'><strong><em>κάν</em></strong></span> <span class='ocrx_word' id='word_1_32' title='bbox 1170 626 1204 692; x_wconf 79' lang='grc' dir='ltr'><strong><em>ἐν</em></strong></span> <span class='ocrx_word' id='word_1_33' title='bbox 1235 625 1318 713; x_wconf 77' lang='grc' dir='ltr'><strong><em>γηρφ</em></strong></span> <span class='ocrx_word' id='word_1_34' title='bbox 1340 628 1397 687; x_wconf 92' lang='grc' dir='ltr'><strong>δι-</strong></span> 
     </span>
     <span class='ocr_line' id='line_1_5' title="bbox 290 728 1397 825; baseline -0.011 -22"><span class='ocrx_word' id='word_1_35' title='bbox 290 738 430 825; x_wconf 82' lang='grc' dir='ltr'><strong><em>δάχθητι</em></strong></span> <span class='ocrx_word' id='word_1_36' title='bbox 444 742 521 822; x_wconf 84' lang='grc' dir='ltr'><strong><em>παρ’</em></strong></span> <span class='ocrx_word' id='word_1_37' title='bbox 543 739 634 821; x_wconf 76' lang='grc' dir='ltr'><strong><em>ἡμῶν</em></strong></span> <span class='ocrx_word' id='word_1_38' title='bbox 654 736 712 811; x_wconf 86' lang='grc' dir='ltr'><strong><em>τάς</em></strong></span> <span class='ocrx_word' id='word_1_39' title='bbox 729 736 944 819; x_wconf 75' lang='grc' dir='ltr'><strong>στοιχειώδεις</strong></span> <span class='ocrx_word' id='word_1_40' title='bbox 964 737 1082 808; x_wconf 78' lang='grc' dir='ltr'><strong><em>ταύτας</em></strong></span> <span class='ocrx_word' id='word_1_41' title='bbox 1095 732 1149 796; x_wconf 86' lang='grc' dir='ltr'><strong><em>καί</em></strong></span> <span class='ocrx_word' id='word_1_42' title='bbox 1169 728 1297 811; x_wconf 79' lang='grc' dir='ltr'><strong><em>πράτοις</em></strong></span> <span class='ocrx_word' id='word_1_43' title='bbox 1318 754 1397 812; x_wconf 84' lang='grc' dir='ltr'><strong>φω-</strong></span> 
     </span>
     <span class='ocr_line' id='line_1_6' title="bbox 289 829 1421 922; baseline -0.012 -18"><span class='ocrx_word' id='word_1_44' title='bbox 289 840 348 913; x_wconf 86' lang='grc' dir='ltr'><strong><em>νάς</em></strong></span> <span class='ocrx_word' id='word_1_45' title='bbox 368 842 431 904; x_wconf 80' lang='grc' dir='ltr'><strong>τάν</strong></span> <span class='ocrx_word' id='word_1_46' title='bbox 453 839 661 922; x_wconf 78' lang='grc' dir='ltr'><strong><em>γραμμάτων,</em></strong></span> <span class='ocrx_word' id='word_1_47' title='bbox 684 838 728 912; x_wconf 81' lang='grc' dir='ltr'><strong>οδς</strong></span> <span class='ocrx_word' id='word_1_48' title='bbox 744 830 783 899; x_wconf 84' lang='grc' dir='ltr'><strong><em>άν</em></strong></span> <span class='ocrx_word' id='word_1_49' title='bbox 803 840 1038 917; x_wconf 81' lang='grc' dir='ltr'><strong><em>ειίμοθέστερος</em></strong></span> <span class='ocrx_word' id='word_1_50' title='bbox 1057 833 1134 906; x_wconf 84' lang='grc' dir='ltr'><strong><em>ἴσως</em></strong></span> <span class='ocrx_word' id='word_1_51' title='bbox 1149 829 1311 915; x_wconf 79' lang='grc' dir='ltr'><strong><em>γενόμενος</em></strong></span> <span class='ocrx_word' id='word_1_52' title='bbox 1336 833 1421 912; x_wconf 80' lang='grc' dir='ltr'><strong><em>τῆς5</em></strong></span> 
     </span>
     <span class='ocr_line' id='line_1_7' title="bbox 290 925 1395 1022; baseline -0.011 -18"><span class='ocrx_word' id='word_1_53' title='bbox 290 944 384 1014; x_wconf 88' lang='grc' dir='ltr'><strong><em>θειάς</em></strong></span> <span class='ocrx_word' id='word_1_54' title='bbox 401 944 482 1015; x_wconf 78' lang='grc' dir='ltr'><strong><em>’τέως</em></strong></span> <span class='ocrx_word' id='word_1_55' title='bbox 505 937 634 1004; x_wconf 76' lang='grc' dir='ltr'><strong><em>αἴσθοιο</em></strong></span> <span class='ocrx_word' id='word_1_56' title='bbox 654 942 792 1022; x_wconf 77' lang='grc' dir='ltr'><strong><em>γραφῆς,</em></strong></span> <span class='ocrx_word' id='word_1_57' title='bbox 824 939 878 1000; x_wconf 85' lang='grc' dir='ltr'><strong>καί</strong></span> <span class='ocrx_word' id='word_1_58' title='bbox 897 940 1008 1019; x_wconf 84' lang='grc' dir='ltr'><strong><em>μηκέτι</em></strong></span> <span class='ocrx_word' id='word_1_59' title='bbox 1033 937 1074 997; x_wconf 91' lang='grc' dir='ltr'><strong>δι’</strong></span> <span class='ocrx_word' id='word_1_60' title='bbox 1097 928 1197 1017; x_wconf 75' lang='grc' dir='ltr'><strong><em>ὄχλου</em></strong></span> <span class='ocrx_word' id='word_1_61' title='bbox 1229 933 1268 1019; x_wconf 78' lang='grc' dir='ltr'><strong><em>τῇ</em></strong></span> <span class='ocrx_word' id='word_1_62' title='bbox 1293 925 1395 994; x_wconf 79' lang='grc' dir='ltr'><strong><em>τάσε-</em></strong></span> 
     </span>
     <span class='ocr_line' id='line_1_8' title="bbox 292 1024 1393 1129; baseline -0.012 -24"><span class='ocrx_word' id='word_1_63' title='bbox 292 1045 364 1129; x_wconf 72' lang='grc' dir='ltr'><strong><em>βείηι</em></strong></span> <span class='ocrx_word' id='word_1_64' title='bbox 394 1044 538 1123; x_wconf 90' lang='grc' dir='ltr'><strong><em>γίγνοιο,</em></strong></span> <span class='ocrx_word' id='word_1_65' title='bbox 568 1043 766 1126; x_wconf 71' lang='grc' dir='ltr'><strong><em>δημαγωγῶν</em></strong></span> <span class='ocrx_word' id='word_1_66' title='bbox 799 1038 819 1101; x_wconf 81' lang='grc' dir='ltr'><strong><em>ά</em></strong></span> <span class='ocrx_word' id='word_1_67' title='bbox 850 1048 914 1112; x_wconf 75' lang='grc' dir='ltr'><strong><em>τοῖς</em></strong></span> <span class='ocrx_word' id='word_1_68' title='bbox 944 1040 1026 1101; x_wconf 88' lang='grc' dir='ltr'><strong><em>κάτω</em></strong></span> <span class='ocrx_word' id='word_1_69' title='bbox 1052 1038 1172 1116; x_wconf 78' lang='grc' dir='ltr'><strong><em>μᾶλλον</em></strong></span> <span class='ocrx_word' id='word_1_70' title='bbox 1198 1026 1301 1115; x_wconf 73' lang='grc' dir='ltr'><strong><em>ἢτοῑς</em></strong></span> <span class='ocrx_word' id='word_1_71' title='bbox 1322 1024 1393 1093; x_wconf 82' lang='grc' dir='ltr'><strong><em>άνιιν</em></strong></span> 
     </span>
     <span class='ocr_line' id='line_1_9' title="bbox 291 1134 1394 1223; baseline -0.007 -20"><span class='ocrx_word' id='word_1_72' title='bbox 291 1145 405 1221; x_wconf 80' lang='grc' dir='ltr'><strong><em>πρέπει</em></strong></span> <span class='ocrx_word' id='word_1_73' title='bbox 425 1150 558 1223; x_wconf 84' lang='grc' dir='ltr'><strong><em>νεκροῖς.</em></strong></span> <span class='ocrx_word' id='word_1_74' title='bbox 606 1138 643 1204; x_wconf 87' lang='grc' dir='ltr'><strong><em>τά</em></strong></span> <span class='ocrx_word' id='word_1_75' title='bbox 666 1138 727 1222; x_wconf 85' lang='grc' dir='ltr'><strong>γάρ</strong></span> <span class='ocrx_word' id='word_1_76' title='bbox 749 1142 879 1203; x_wconf 81' lang='grc' dir='ltr'><strong><em>ἐναντία</em></strong></span> <span class='ocrx_word' id='word_1_77' title='bbox 900 1148 964 1212; x_wconf 83' lang='grc' dir='ltr'><strong><em>τοῖς</em></strong></span> <span class='ocrx_word' id='word_1_78' title='bbox 985 1139 1139 1210; x_wconf 86' lang='grc' dir='ltr'><strong><em>ε’ντινιίοις</em></strong></span> <span class='ocrx_word' id='word_1_79' title='bbox 1169 1134 1342 1217; x_wconf 82' lang='grc' dir='ltr'><strong><em>ὁρίζεσθαί</em></strong></span> <span class='ocrx_word' id='word_1_80' title='bbox 1358 1155 1394 1195; x_wconf 86' lang='grc' dir='ltr'><strong><em>τε</em></strong></span> 
     </span>
     <span class='ocr_line' id='line_1_10' title="bbox 291 1234 1396 1324; baseline -0.005 -23"><span class='ocrx_word' id='word_1_81' title='bbox 291 1237 347 1303; x_wconf 78' lang='grc' dir='ltr'><strong><em>κατ’</em></strong></span> <span class='ocrx_word' id='word_1_82' title='bbox 369 1242 583 1324; x_wconf 74' lang='grc' dir='ltr'><strong><em>διορθοῦσθαι</em></strong></span> <span class='ocrx_word' id='word_1_83' title='bbox 611 1239 764 1320; x_wconf 84' lang='grc' dir='ltr'><strong><em>νόμιμον,</em></strong></span> <span class='ocrx_word' id='word_1_84' title='bbox 785 1236 855 1303; x_wconf 79' lang='grc' dir='ltr'><strong><em>ἐπεί</em></strong></span> <span class='ocrx_word' id='word_1_85' title='bbox 884 1238 938 1301; x_wconf 83' lang='grc' dir='ltr'><strong>καί</strong></span> <span class='ocrx_word' id='word_1_86' title='bbox 957 1239 1130 1319; x_wconf 76' lang='grc' dir='ltr'><strong><em>Χαρμίδης</em></strong></span> <span class='ocrx_word' id='word_1_87' title='bbox 1150 1234 1166 1298; x_wconf 83' lang='grc' dir='ltr'><strong><em>ά</em></strong></span> <span class='ocrx_word' id='word_1_88' title='bbox 1190 1240 1396 1313; x_wconf 82' lang='grc' dir='ltr'><strong><em>Λαρισσαῖος</em></strong></span> 
     </span>
     <span class='ocr_line' id='line_1_11' title="bbox 292 1334 1437 1423; baseline -0.007 -20"><span class='ocrx_word' id='word_1_89' title='bbox 292 1337 433 1415; x_wconf 85' lang='grc' dir='ltr'><strong><em>α’κοάσας</em></strong></span> <span class='ocrx_word' id='word_1_90' title='bbox 456 1344 669 1423; x_wconf 66' lang='grc' dir='ltr'><strong><em>διηγουμένου</em></strong></span> <span class='ocrx_word' id='word_1_91' title='bbox 689 1337 774 1414; x_wconf 82' lang='grc' dir='ltr'><strong><em>τινὸς</em></strong></span> <span class='ocrx_word' id='word_1_92' title='bbox 807 1342 840 1402; x_wconf 80' lang='grc' dir='ltr'><strong><em>ἐν</em></strong></span> <span class='ocrx_word' id='word_1_93' title='bbox 861 1336 954 1403; x_wconf 73' lang='grc' dir='ltr'><strong><em>ὕδατι</em></strong></span> <span class='ocrx_word' id='word_1_94' title='bbox 988 1340 1089 1415; x_wconf 76' lang='grc' dir='ltr'><strong><em>ζέοντι</em></strong></span> <span class='ocrx_word' id='word_1_95' title='bbox 1112 1334 1217 1413; x_wconf 81' lang='grc' dir='ltr'><strong><em>ζάοοις</em></strong></span> <span class='ocrx_word' id='word_1_96' title='bbox 1237 1336 1316 1397; x_wconf 82' lang='grc' dir='ltr'><strong><em>ἰδεῖν</em></strong></span> <span class='ocrx_word' id='word_1_97' title='bbox 1339 1335 1392 1414; x_wconf 81' lang='lat' dir='ltr'><strong>s‘y-</strong></span> <span class='ocrx_word' id='word_1_98' title='bbox 1405 1352 1437 1405; x_wconf 77' lang='grc' dir='ltr'><strong><em>ιο</em></strong></span> 
     </span>
     <span class='ocr_line' id='line_1_12' title="bbox 289 1424 1395 1527; baseline -0.011 -22"><span class='ocrx_word' id='word_1_99' title='bbox 289 1446 422 1523; x_wconf 76' lang='grc' dir='ltr'><strong><em>χέλυος,</em></strong></span> <span class='ocrx_word' id='word_1_100' title='bbox 445 1442 558 1505; x_wconf 75' lang='grc' dir='ltr'><strong><em>οὐκοῦν</em></strong></span> <span class='ocrx_word' id='word_1_101' title='bbox 579 1446 612 1505; x_wconf 80' lang='grc' dir='ltr'><strong><em>ἐν</em></strong></span> <span class='ocrx_word' id='word_1_102' title='bbox 625 1445 744 1527; x_wconf 73' lang='grc' dir='ltr'><strong><em>ψυχρῷ</em></strong></span> <span class='ocrx_word' id='word_1_103' title='bbox 765 1438 886 1514; x_wconf 83' lang='grc' dir='ltr'><strong><em>ταάτας</em></strong></span> <span class='ocrx_word' id='word_1_104' title='bbox 909 1434 1081 1520; x_wconf 73' lang='grc' dir='ltr'><strong><em>ἑψησωμεν</em></strong></span> <span class='ocrx_word' id='word_1_105' title='bbox 1103 1434 1233 1521; x_wconf 79' lang='grc' dir='ltr'><strong><em>ἔφησεν.</em></strong></span> <span class='ocrx_word' id='word_1_106' title='bbox 1276 1424 1313 1515; x_wconf 77' lang='grc' dir='ltr'><strong>ἧς</strong></span> <span class='ocrx_word' id='word_1_107' title='bbox 1335 1424 1395 1494; x_wconf 71' lang='grc' dir='ltr'><strong><em>στίν</em></strong></span> 
     </span>
     <span class='ocr_line' id='line_1_13' title="bbox 290 1532 1396 1622; baseline -0.01 -15"><span class='ocrx_word' id='word_1_108' title='bbox 290 1544 346 1607; x_wconf 87' lang='grc' dir='ltr'><strong>καί</strong></span> <span class='ocrx_word' id='word_1_109' title='bbox 368 1540 463 1617; x_wconf 75' lang='grc' dir='ltr'><strong>αοίάζ</strong></span> <span class='ocrx_word' id='word_1_110' title='bbox 485 1543 633 1615; x_wconf 82' lang='grc' dir='ltr'><strong><em>άοάνετος</em></strong></span> <span class='ocrx_word' id='word_1_111' title='bbox 650 1541 777 1622; x_wconf 79' lang='grc' dir='ltr'><strong><em>ἔμεινας</em></strong></span> <span class='ocrx_word' id='word_1_112' title='bbox 801 1542 1077 1622; x_wconf 82' lang='grc' dir='ltr'><strong><em>πεντεκαιδεκέτης</em></strong></span> <span class='ocrx_word' id='word_1_113' title='bbox 1095 1539 1254 1611; x_wconf 86' lang='grc' dir='ltr'><strong><em>παιδείας,</em></strong></span> <span class='ocrx_word' id='word_1_114' title='bbox 1274 1532 1396 1616; x_wconf 78' lang='grc' dir='ltr'><strong><em>ταύτης</em></strong></span> 
     </span>
     <span class='ocr_line' id='line_1_14' title="bbox 291 1636 1395 1725; baseline -0.007 -20"><span class='ocrx_word' id='word_1_115' title='bbox 291 1639 372 1724; x_wconf 68' lang='grc' dir='ltr'><strong><em>ὑπὲρ</em></strong></span> <span class='ocrx_word' id='word_1_116' title='bbox 403 1642 443 1707; x_wconf 87' lang='grc' dir='ltr'><strong><em>τά</em></strong></span> <span class='ocrx_word' id='word_1_117' title='bbox 475 1638 625 1725; x_wconf 72' lang='grc' dir='ltr'><strong><em>ἑξήκοντα</em></strong></span> <span class='ocrx_word' id='word_1_118' title='bbox 647 1640 783 1725; x_wconf 77' lang='grc' dir='ltr'><strong><em>γεγονιάς</em></strong></span> <span class='ocrx_word' id='word_1_119' title='bbox 816 1639 975 1725; x_wconf 81' lang='grc' dir='ltr'><strong><em>α’κροιιτην</em></strong></span> <span class='ocrx_word' id='word_1_120' title='bbox 1007 1636 1143 1704; x_wconf 79' lang='grc' dir='ltr'><strong><em>σεαυτὸν</em></strong></span> <span class='ocrx_word' id='word_1_121' title='bbox 1166 1636 1395 1700; x_wconf 68' lang='grc' dir='ltr'><strong><em>ἀποδεικνύναι</em></strong></span> 
     </span>
     <span class='ocr_line' id='line_1_15' title="bbox 290 1736 1396 1826; baseline -0.01 -18"><span class='ocrx_word' id='word_1_122' title='bbox 290 1740 336 1824; x_wconf 71' lang='grc' dir='ltr'><strong><em>μη</em></strong></span> <span class='ocrx_word' id='word_1_123' title='bbox 360 1746 496 1822; x_wconf 83' lang='grc' dir='ltr'><strong><em>άποξίου</em></strong></span> <span class='ocrx_word' id='word_1_124' title='bbox 518 1745 667 1826; x_wconf 76' lang='grc' dir='ltr'><strong><em>τήμερον,</em></strong></span> <span class='ocrx_word' id='word_1_125' title='bbox 689 1746 753 1808; x_wconf 78' lang='grc' dir='ltr'><strong>τῶν</strong></span> <span class='ocrx_word' id='word_1_126' title='bbox 774 1744 884 1806; x_wconf 81' lang='grc' dir='ltr'><strong><em>άπλῶν</em></strong></span> <span class='ocrx_word' id='word_1_127' title='bbox 906 1738 1029 1824; x_wconf 77' lang='grc' dir='ltr'><strong><em>δηλαδη</em></strong></span> <span class='ocrx_word' id='word_1_128' title='bbox 1045 1741 1099 1805; x_wconf 85' lang='grc' dir='ltr'><strong>καί</strong></span> <span class='ocrx_word' id='word_1_129' title='bbox 1117 1736 1296 1822; x_wconf 80' lang='grc' dir='ltr'><strong><em>άρχοειδιδν</em></strong></span> <span class='ocrx_word' id='word_1_130' title='bbox 1321 1760 1396 1819; x_wconf 87' lang='grc' dir='ltr'><strong><em>φοο-</em></strong></span> 
     </span>
     <span class='ocr_line' id='line_1_16' title="bbox 291 1836 1435 1924; baseline -0.01 -16"><span class='ocrx_word' id='word_1_131' title='bbox 291 1847 356 1908; x_wconf 82' lang='grc' dir='ltr'><strong><em>νῶν</em></strong></span> <span class='ocrx_word' id='word_1_132' title='bbox 375 1847 431 1906; x_wconf 89' lang='grc' dir='ltr'><strong>καί</strong></span> <span class='ocrx_word' id='word_1_133' title='bbox 450 1849 627 1924; x_wconf 81' lang='grc' dir='ltr'><strong><em>στοιχείων.</em></strong></span> <span class='ocrx_word' id='word_1_134' title='bbox 679 1848 778 1908; x_wconf 84' lang='grc' dir='ltr'><strong><em>ταῦτα</em></strong></span> <span class='ocrx_word' id='word_1_135' title='bbox 808 1846 836 1905; x_wconf 85' lang='grc' dir='ltr'><strong>δ’</strong></span> <span class='ocrx_word' id='word_1_136' title='bbox 863 1836 901 1905; x_wconf 75' lang='lat' dir='ltr'><strong>ds</strong></span> <span class='ocrx_word' id='word_1_137' title='bbox 922 1840 1047 1915; x_wconf 89' lang='grc' dir='ltr'><strong><em>πάντως</em></strong></span> <span class='ocrx_word' id='word_1_138' title='bbox 1075 1836 1124 1923; x_wconf 85' lang='grc' dir='ltr'><strong><em>εἴη</em></strong></span> <span class='ocrx_word' id='word_1_139' title='bbox 1146 1838 1185 1902; x_wconf 89' lang='grc' dir='ltr'><strong><em>τά</em></strong></span> <span class='ocrx_word' id='word_1_140' title='bbox 1199 1840 1228 1899; x_wconf 88' lang='grc' dir='ltr'><strong><em>τ’</em></strong></span> <span class='ocrx_word' id='word_1_141' title='bbox 1252 1836 1393 1915; x_wconf 82' lang='grc' dir='ltr'><strong><em>ὀνόματα</em></strong></span> <span class='ocrx_word' id='word_1_142' title='bbox 1405 1853 1435 1905; x_wconf 89' lang='lat'><strong>15</strong></span> 
     </span>
     <span class='ocr_line' id='line_1_17' title="bbox 296 1931 1399 2029; baseline -0.009 -20"><span class='ocrx_word' id='word_1_143' title='bbox 296 1945 351 2009; x_wconf 77' lang='grc' dir='ltr'><strong><em>κατ’</em></strong></span> <span class='ocrx_word' id='word_1_144' title='bbox 370 1941 510 2029; x_wconf 74' lang='grc' dir='ltr'><strong><em>ῥήματα.</em></strong></span> <span class='ocrx_word' id='word_1_145' title='bbox 552 1947 673 2027; x_wconf 80' lang='grc' dir='ltr'><strong><em>πρῶτον</em></strong></span> <span class='ocrx_word' id='word_1_146' title='bbox 693 1946 754 2027; x_wconf 88' lang='grc' dir='ltr'><strong>γάρ</strong></span> <span class='ocrx_word' id='word_1_147' title='bbox 777 1947 832 2007; x_wconf 78' lang='grc' dir='ltr'><strong>δεῖ</strong></span> <span class='ocrx_word' id='word_1_148' title='bbox 849 1948 980 2019; x_wconf 84' lang='grc' dir='ltr'><strong><em>θέσθαι,</em></strong></span> <span class='ocrx_word' id='word_1_149' title='bbox 1003 1936 1094 2027; x_wconf 83' lang='grc' dir='ltr'><strong><em>φασί,</em></strong></span> <span class='ocrx_word' id='word_1_150' title='bbox 1115 1946 1148 2005; x_wconf 92' lang='grc' dir='ltr'><strong><em>τί</em></strong></span> <span class='ocrx_word' id='word_1_151' title='bbox 1165 1931 1264 2018; x_wconf 76' lang='grc' dir='ltr'><strong><em>ὄνομα</em></strong></span> <span class='ocrx_word' id='word_1_152' title='bbox 1288 1938 1345 2000; x_wconf 78' lang='grc' dir='ltr'><strong>καί</strong></span> <span class='ocrx_word' id='word_1_153' title='bbox 1364 1940 1399 1999; x_wconf 88' lang='grc' dir='ltr'><strong><em>τί</em></strong></span> 
     </span>
     <span class='ocr_line' id='line_1_18' title="bbox 293 2035 1394 2129; baseline -0.006 -21"><span class='ocrx_word' id='word_1_154' title='bbox 293 2041 393 2129; x_wconf 72' lang='grc' dir='ltr'><strong><em>ῥῆμα,</em></strong></span> <span class='ocrx_word' id='word_1_155' title='bbox 419 2042 520 2107; x_wconf 82' lang='grc' dir='ltr'><strong><em>οἱονεί</em></strong></span> <span class='ocrx_word' id='word_1_156' title='bbox 537 2052 608 2109; x_wconf 77' lang='grc' dir='ltr'><strong><em>τινα</em></strong></span> <span class='ocrx_word' id='word_1_157' title='bbox 630 2041 766 2126; x_wconf 88' lang='grc' dir='ltr'><strong><em>στερρδν</em></strong></span> <span class='ocrx_word' id='word_1_158' title='bbox 787 2048 948 2124; x_wconf 80' lang='grc' dir='ltr'><strong><em>θεμέλιον,</em></strong></span> <span class='ocrx_word' id='word_1_159' title='bbox 971 2040 1080 2108; x_wconf 85' lang='grc' dir='ltr'><strong><em>ἔπειτα</em></strong></span> <span class='ocrx_word' id='word_1_160' title='bbox 1099 2044 1134 2104; x_wconf 89' lang='grc' dir='ltr'><strong><em>τί</em></strong></span> <span class='ocrx_word' id='word_1_161' title='bbox 1146 2042 1232 2104; x_wconf 81' lang='grc' dir='ltr'><strong><em>ἐστιν</em></strong></span> <span class='ocrx_word' id='word_1_162' title='bbox 1256 2035 1394 2122; x_wconf 84' lang='grc' dir='ltr'><strong><em>άπάφα-</em></strong></span> 
     </span>
     <span class='ocr_line' id='line_1_19' title="bbox 293 2135 1394 2231; baseline -0.005 -22"><span class='ocrx_word' id='word_1_163' title='bbox 293 2170 343 2221; x_wconf 89' lang='grc' dir='ltr'><strong>σις</strong></span> <span class='ocrx_word' id='word_1_164' title='bbox 364 2146 421 2209; x_wconf 86' lang='grc' dir='ltr'><strong>καί</strong></span> <span class='ocrx_word' id='word_1_165' title='bbox 439 2144 619 2231; x_wconf 76' lang='grc' dir='ltr'><strong><em>κατάφασις</em></strong></span> <span class='ocrx_word' id='word_1_166' title='bbox 639 2147 695 2208; x_wconf 84' lang='grc' dir='ltr'><strong>καί</strong></span> <span class='ocrx_word' id='word_1_167' title='bbox 717 2142 900 2231; x_wconf 85' lang='grc' dir='ltr'><strong><em>άπάφιινσις</em></strong></span> <span class='ocrx_word' id='word_1_168' title='bbox 924 2142 978 2207; x_wconf 85' lang='grc' dir='ltr'><strong>καί</strong></span> <span class='ocrx_word' id='word_1_169' title='bbox 999 2145 1098 2225; x_wconf 80' lang='grc' dir='ltr'><strong><em>λόγος,</em></strong></span> <span class='ocrx_word' id='word_1_170' title='bbox 1120 2142 1176 2204; x_wconf 90' lang='grc' dir='ltr'><strong>καί</strong></span> <span class='ocrx_word' id='word_1_171' title='bbox 1200 2135 1259 2204; x_wconf 75' lang='grc' dir='ltr'><strong>ὅσα</strong></span> <span class='ocrx_word' id='word_1_172' title='bbox 1283 2142 1394 2222; x_wconf 79' lang='grc' dir='ltr'><strong><em>ἕντῆς</em></strong></span> 
     </span>
     <span class='ocr_line' id='line_1_20' title="bbox 294 2237 1394 2331; baseline -0.009 -19"><span class='ocrx_word' id='word_1_173' title='bbox 294 2248 498 2330; x_wconf 85' lang='grc' dir='ltr'><strong><em>α’νθρωπίνης</em></strong></span> <span class='ocrx_word' id='word_1_174' title='bbox 517 2245 637 2331; x_wconf 76' lang='grc' dir='ltr'><strong><em>ταύτης</em></strong></span> <span class='ocrx_word' id='word_1_175' title='bbox 659 2250 830 2328; x_wconf 79' lang='grc' dir='ltr'><strong><em>ἐπιπλοκῆς</em></strong></span> <span class='ocrx_word' id='word_1_176' title='bbox 861 2249 916 2309; x_wconf 84' lang='grc' dir='ltr'><strong>καί</strong></span> <span class='ocrx_word' id='word_1_177' title='bbox 934 2248 1115 2318; x_wconf 80' lang='grc' dir='ltr'><strong><em>συνθέσεως</em></strong></span> <span class='ocrx_word' id='word_1_178' title='bbox 1135 2244 1199 2306; x_wconf 79' lang='grc' dir='ltr'><strong>τάν</strong></span> <span class='ocrx_word' id='word_1_179' title='bbox 1219 2264 1253 2304; x_wconf 84' lang='grc' dir='ltr'><strong><em>τε</em></strong></span> <span class='ocrx_word' id='word_1_180' title='bbox 1276 2237 1394 2319; x_wconf 86' lang='grc' dir='ltr'><strong><em>σ’νομά-</em></strong></span> 
     </span>
     <span class='ocr_line' id='line_1_21' title="bbox 295 2339 1436 2431; baseline -0.008 -20"><span class='ocrx_word' id='word_1_181' title='bbox 295 2373 358 2412; x_wconf 88' lang='grc' dir='ltr'><strong>των</strong></span> <span class='ocrx_word' id='word_1_182' title='bbox 381 2346 438 2409; x_wconf 79' lang='grc' dir='ltr'><strong>ιιοὶ</strong></span> <span class='ocrx_word' id='word_1_183' title='bbox 458 2352 519 2411; x_wconf 80' lang='grc' dir='ltr'><strong>τῶν</strong></span> <span class='ocrx_word' id='word_1_184' title='bbox 541 2346 690 2431; x_wconf 79' lang='grc' dir='ltr'><strong><em>ῥημάτων</em></strong></span> <span class='ocrx_word' id='word_1_185' title='bbox 714 2348 962 2411; x_wconf 82' lang='grc' dir='ltr'><strong><em>άποτελοῦνιοιι.’</em></strong></span> <span class='ocrx_word' id='word_1_186' title='bbox 1000 2348 1088 2409; x_wconf 83' lang='grc' dir='ltr'><strong><em>σκιαί</em></strong></span> <span class='ocrx_word' id='word_1_187' title='bbox 1109 2342 1169 2427; x_wconf 87' lang='grc' dir='ltr'><strong>γάρ</strong></span> <span class='ocrx_word' id='word_1_188' title='bbox 1193 2339 1294 2405; x_wconf 79' lang='grc' dir='ltr'><strong><em>οἱονεί</em></strong></span> <span class='ocrx_word' id='word_1_189' title='bbox 1310 2342 1436 2415; x_wconf 68' lang='grc' dir='ltr'><strong><em>τινέςῖθ</em></strong></span> 
     </span>
     <span class='ocr_line' id='line_1_22' title="bbox 296 2441 1394 2533; baseline -0.005 -24"><span class='ocrx_word' id='word_1_190' title='bbox 296 2448 359 2511; x_wconf 82' lang='grc' dir='ltr'><strong><em>εἰσι</em></strong></span> <span class='ocrx_word' id='word_1_191' title='bbox 379 2449 442 2510; x_wconf 80' lang='grc' dir='ltr'><strong>τῶν</strong></span> <span class='ocrx_word' id='word_1_192' title='bbox 463 2450 659 2530; x_wconf 86' lang='grc' dir='ltr'><strong><em>πραγμάτων</em></strong></span> <span class='ocrx_word' id='word_1_193' title='bbox 689 2448 724 2512; x_wconf 84' lang='grc' dir='ltr'><strong>αἱ</strong></span> <span class='ocrx_word' id='word_1_194' title='bbox 746 2452 863 2533; x_wconf 82' lang='grc' dir='ltr'><strong><em>φωναί,</em></strong></span> <span class='ocrx_word' id='word_1_195' title='bbox 885 2444 966 2531; x_wconf 80' lang='grc' dir='ltr'><strong><em>πρὸς</em></strong></span> <span class='ocrx_word' id='word_1_196' title='bbox 985 2444 1043 2521; x_wconf 82' lang='grc' dir='ltr'><strong><em>τάς</em></strong></span> <span class='ocrx_word' id='word_1_197' title='bbox 1065 2441 1202 2527; x_wconf 69' lang='grc' dir='ltr'><strong><em>κινήσεις</em></strong></span> <span class='ocrx_word' id='word_1_198' title='bbox 1222 2446 1286 2507; x_wconf 78' lang='grc' dir='ltr'><strong>τῶν</strong></span> <span class='ocrx_word' id='word_1_199' title='bbox 1307 2442 1394 2525; x_wconf 80' lang='grc' dir='ltr'><strong><em>δφε-</em></strong></span> 
     </span>
     <span class='ocr_line' id='line_1_23' title="bbox 291 2543 1394 2647; baseline -0.005 -36"><span class='ocrx_word' id='word_1_200' title='bbox 291 2544 416 2612; x_wconf 70' lang='lat' dir='ltr'><strong>cadam</strong></span> <span class='ocrx_word' id='word_1_201' title='bbox 433 2546 711 2647; x_wconf 78' lang='grc' dir='ltr'><strong><em>σχηματιζόμενοι</em></strong></span> <span class='ocrx_word' id='word_1_202' title='bbox 739 2547 794 2612; x_wconf 84' lang='grc' dir='ltr'><strong>καί</strong></span> <span class='ocrx_word' id='word_1_203' title='bbox 811 2548 946 2629; x_wconf 81' lang='grc' dir='ltr'><strong><em>σ’νάμοσι</em></strong></span> <span class='ocrx_word' id='word_1_204' title='bbox 971 2551 1025 2611; x_wconf 88' lang='grc' dir='ltr'><strong>καί</strong></span> <span class='ocrx_word' id='word_1_205' title='bbox 1053 2545 1173 2631; x_wconf 76' lang='grc' dir='ltr'><strong><em>ῥήμασι</em></strong></span> <span class='ocrx_word' id='word_1_206' title='bbox 1194 2543 1394 2629; x_wconf 77' lang='grc' dir='ltr'><strong><em>κεραννύμε-</em></strong></span> 
     </span>
    </p>
   </div>
   <div class='ocr_carea' id='block_1_3' title="bbox 290 2799 1401 4149">
    <p class='ocr_par' dir='ltr' id='par_1_3' title="bbox 290 2799 1395 4081">
     <span class='ocr_line' id='line_1_24' title="bbox 291 2799 1393 2870; baseline -0.005 -16"><span class='ocrx_word' id='word_1_207' title='bbox 291 2809 320 2854; x_wconf 89' lang='lat' dir='ltr'><strong>te</strong></span> <span class='ocrx_word' id='word_1_208' title='bbox 340 2800 446 2853; x_wconf 75' lang='lat' dir='ltr'><strong>discere</strong></span> <span class='ocrx_word' id='word_1_209' title='bbox 465 2799 615 2867; x_wconf 72' lang='lat' dir='ltr'><strong>oportebat,</strong></span> <span class='ocrx_word' id='word_1_210' title='bbox 634 2813 689 2852; x_wconf 89' lang='lat' dir='ltr'><strong>nou</strong></span> <span class='ocrx_word' id='word_1_211' title='bbox 707 2799 836 2866; x_wconf 74' lang='lat' dir='ltr'><strong>didicisti,</strong></span> <span class='ocrx_word' id='word_1_212' title='bbox 855 2809 936 2870; x_wconf 89' lang='lat' dir='ltr'><strong>atque</strong></span> <span class='ocrx_word' id='word_1_213' title='bbox 955 2808 1057 2868; x_wconf 88' lang='lat' dir='ltr'><strong>septem</strong></span> <span class='ocrx_word' id='word_1_214' title='bbox 1070 2814 1154 2852; x_wconf 87' lang='lat' dir='ltr'><strong>anuos</strong></span> <span class='ocrx_word' id='word_1_215' title='bbox 1171 2806 1249 2853; x_wconf 90' lang='lat' dir='ltr'><strong>natus</strong></span> <span class='ocrx_word' id='word_1_216' title='bbox 1266 2815 1302 2852; x_wconf 89' lang='lat' dir='ltr'><strong>ue</strong></span> <span class='ocrx_word' id='word_1_217' title='bbox 1320 2814 1393 2869; x_wconf 80' lang='lat' dir='ltr'><strong>gen.</strong></span> 
     </span>
     <span class='ocr_line' id='line_1_25' title="bbox 293 2871 1393 2940; baseline -0.005 -16"><span class='ocrx_word' id='word_1_218' title='bbox 293 2872 357 2925; x_wconf 85' lang='lat' dir='ltr'><strong>tiles</strong></span> <span class='ocrx_word' id='word_1_219' title='bbox 376 2871 482 2940; x_wconf 91' lang='lat' dir='ltr'><strong>quidem</strong></span> <span class='ocrx_word' id='word_1_220' title='bbox 500 2872 681 2924; x_wconf 71' lang='lat' dir='ltr'><strong>contendebas</strong></span> <span class='ocrx_word' id='word_1_221' title='bbox 703 2873 846 2924; x_wconf 89' lang='lat' dir='ltr'><strong>secuudum</strong></span> <span class='ocrx_word' id='word_1_222' title='bbox 866 2874 1012 2939; x_wconf 75' lang='lat' dir='ltr'><strong>sapientem</strong></span> <span class='ocrx_word' id='word_1_223' title='bbox 1026 2872 1101 2925; x_wconf 91' lang='lat' dir='ltr'><strong>illum</strong></span> <span class='ocrx_word' id='word_1_224' title='bbox 1114 2871 1307 2925; x_wconf 73' lang='lat' dir='ltr'><strong>Atheniensem</strong></span> <span class='ocrx_word' id='word_1_225' title='bbox 1326 2886 1393 2938; x_wconf 90' lang='lat' dir='ltr'><strong>pro.</strong></span> 
     </span>
     <span class='ocr_line' id='line_1_26' title="bbox 294 2944 1392 3011; baseline -0.004 -14"><span class='ocrx_word' id='word_1_226' title='bbox 294 2944 376 3007; x_wconf 88' lang='lat' dir='ltr'><strong>literi,</strong></span> <span class='ocrx_word' id='word_1_227' title='bbox 395 2944 443 2995; x_wconf 90' lang='lat' dir='ltr'><strong>sed</strong></span> <span class='ocrx_word' id='word_1_228' title='bbox 462 2959 496 2995; x_wconf 86' lang='lat' dir='ltr'><strong>ex</strong></span> <span class='ocrx_word' id='word_1_229' title='bbox 515 2959 604 3007; x_wconf 88' lang='lat' dir='ltr'><strong>remo,</strong></span> <span class='ocrx_word' id='word_1_230' title='bbox 624 2951 654 2995; x_wconf 90' lang='lat' dir='ltr'><strong>ut</strong></span> <span class='ocrx_word' id='word_1_231' title='bbox 670 2945 761 3008; x_wconf 90' lang='lat' dir='ltr'><strong>aiunt,</strong></span> <span class='ocrx_word' id='word_1_232' title='bbox 782 2944 808 2993; x_wconf 88' lang='lat' dir='ltr'><strong>in</strong></span> <span class='ocrx_word' id='word_1_233' title='bbox 828 2951 982 3011; x_wconf 82' lang='lat' dir='ltr'><strong>suggestum</strong></span> <span class='ocrx_word' id='word_1_234' title='bbox 1003 2952 1028 2996; x_wconf 91' lang='lat' dir='ltr'><strong>et</strong></span> <span class='ocrx_word' id='word_1_235' title='bbox 1049 2944 1212 3010; x_wconf 85' lang='lat' dir='ltr'><strong>praetorium</strong></span> <span class='ocrx_word' id='word_1_236' title='bbox 1233 2952 1346 3007; x_wconf 85' lang='lat' dir='ltr'><strong>repente</strong></span> <span class='ocrx_word' id='word_1_237' title='bbox 1363 2950 1392 2993; x_wconf 88' lang='lat' dir='ltr'><strong>te</strong></span> 
     </span>
     <span class='ocr_line' id='line_1_27' title="bbox 294 3012 1392 3082; baseline -0.003 -15"><span class='ocrx_word' id='word_1_238' title='bbox 294 3015 444 3079; x_wconf 87' lang='lat' dir='ltr'><strong>coniecisti,</strong></span> <span class='ocrx_word' id='word_1_239' title='bbox 464 3014 515 3067; x_wconf 92' lang='lat' dir='ltr'><strong>boc</strong></span> <span class='ocrx_word' id='word_1_240' title='bbox 535 3014 642 3067; x_wconf 89' lang='lat' dir='ltr'><strong>scilicet</strong></span> <span class='ocrx_word' id='word_1_241' title='bbox 660 3016 737 3079; x_wconf 89' lang='lat' dir='ltr'><strong>dico,</strong></span> <span class='ocrx_word' id='word_1_242' title='bbox 763 3016 833 3082; x_wconf 93' lang='lat' dir='ltr'><strong>quod</strong></span> <span class='ocrx_word' id='word_1_243' title='bbox 852 3024 881 3067; x_wconf 91' lang='lat' dir='ltr'><strong>tu</strong></span> <span class='ocrx_word' id='word_1_244' title='bbox 905 3016 937 3066; x_wconf 83' lang='lat' dir='ltr'><strong>ad</strong></span> <span class='ocrx_word' id='word_1_245' title='bbox 955 3032 999 3068; x_wconf 88' lang='lat' dir='ltr'><strong>res</strong></span> <span class='ocrx_word' id='word_1_246' title='bbox 1017 3016 1122 3067; x_wconf 88' lang='lat' dir='ltr'><strong>divinas</strong></span> <span class='ocrx_word' id='word_1_247' title='bbox 1148 3015 1287 3065; x_wconf 87' lang='lat' dir='ltr'><strong>accessisti</strong></span> <span class='ocrx_word' id='word_1_248' title='bbox 1307 3012 1392 3064; x_wconf 89' lang='lat' dir='ltr'><strong>illotis</strong></span> 
     </span>
     <span class='ocr_line' id='line_1_28' title="bbox 293 3084 1392 3154; baseline -0.005 -15"><span class='ocrx_word' id='word_1_249' title='bbox 293 3087 413 3139; x_wconf 90' lang='lat' dir='ltr'><strong>manibus</strong></span> <span class='ocrx_word' id='word_1_250' title='bbox 433 3095 460 3137; x_wconf 87' lang='lat' dir='ltr'><strong>et</strong></span> <span class='ocrx_word' id='word_1_251' title='bbox 477 3094 566 3138; x_wconf 90' lang='lat' dir='ltr'><strong>mente</strong></span> <span class='ocrx_word' id='word_1_252' title='bbox 582 3086 687 3151; x_wconf 88' lang='lat' dir='ltr'><strong>obtusa,</strong></span> <span class='ocrx_word' id='word_1_253' title='bbox 706 3102 758 3154; x_wconf 82' lang='lat' dir='ltr'><strong>age</strong></span> <span class='ocrx_word' id='word_1_254' title='bbox 779 3088 857 3153; x_wconf 84' lang='lat' dir='ltr'><strong>etiam</strong></span> <span class='ocrx_word' id='word_1_255' title='bbox 876 3102 960 3139; x_wconf 85' lang='lat' dir='ltr'><strong>senex</strong></span> <span class='ocrx_word' id='word_1_256' title='bbox 977 3088 1115 3139; x_wconf 90' lang='lat' dir='ltr'><strong>edocearis</strong></span> <span class='ocrx_word' id='word_1_257' title='bbox 1137 3086 1249 3137; x_wconf 88' lang='lat' dir='ltr'><strong>anobis</strong></span> <span class='ocrx_word' id='word_1_258' title='bbox 1262 3084 1311 3135; x_wconf 91' lang='lat' dir='ltr'><strong>bos</strong></span> <span class='ocrx_word' id='word_1_259' title='bbox 1331 3084 1392 3135; x_wconf 87' lang='lat' dir='ltr'><strong>ele.</strong></span> 
     </span>
     <span class='ocr_line' id='line_1_29' title="bbox 292 3156 1392 3223; baseline -0.005 -12"><span class='ocrx_word' id='word_1_260' title='bbox 292 3160 436 3211; x_wconf 81' lang='lat' dir='ltr'><strong>menterios</strong></span> <span class='ocrx_word' id='word_1_261' title='bbox 464 3165 490 3208; x_wconf 87' lang='lat' dir='ltr'><strong>et</strong></span> <span class='ocrx_word' id='word_1_262' title='bbox 508 3157 608 3223; x_wconf 90' lang='lat' dir='ltr'><strong>primos</strong></span> <span class='ocrx_word' id='word_1_263' title='bbox 627 3173 708 3209; x_wconf 89' lang='lat' dir='ltr'><strong>sonos</strong></span> <span class='ocrx_word' id='word_1_264' title='bbox 729 3158 882 3222; x_wconf 86' lang='lat' dir='ltr'><strong>literarum,</strong></span> <span class='ocrx_word' id='word_1_265' title='bbox 902 3168 931 3210; x_wconf 89' lang='lat' dir='ltr'><strong>ut</strong></span> <span class='ocrx_word' id='word_1_266' title='bbox 950 3158 1053 3210; x_wconf 90' lang='lat' dir='ltr'><strong>doctior</strong></span> <span class='ocrx_word' id='word_1_267' title='bbox 1079 3158 1180 3220; x_wconf 85' lang='lat' dir='ltr'><strong>iactus,</strong></span> <span class='ocrx_word' id='word_1_268' title='bbox 1203 3156 1319 3208; x_wconf 85' lang='lat' dir='ltr'><strong>diuinam</strong></span> <span class='ocrx_word' id='word_1_269' title='bbox 1338 3156 1392 3207; x_wconf 90' lang='lat' dir='ltr'><strong>ali.</strong></span> 
     </span>
     <span class='ocr_line' id='line_1_30' title="bbox 293 3226 1392 3297; baseline -0.003 -17"><span class='ocrx_word' id='word_1_270' title='bbox 293 3236 424 3297; x_wconf 89' lang='lat' dir='ltr'><strong>quatenus</strong></span> <span class='ocrx_word' id='word_1_271' title='bbox 442 3227 579 3295; x_wconf 83' lang='lat' dir='ltr'><strong>intelligas</strong></span> <span class='ocrx_word' id='word_1_272' title='bbox 593 3230 750 3295; x_wconf 88' lang='lat' dir='ltr'><strong>scripturam</strong></span> <span class='ocrx_word' id='word_1_273' title='bbox 769 3245 858 3297; x_wconf 89' lang='lat' dir='ltr'><strong>neque</strong></span> <span class='ocrx_word' id='word_1_274' title='bbox 877 3232 952 3281; x_wconf 88' lang='lat' dir='ltr'><strong>oneri</strong></span> <span class='ocrx_word' id='word_1_275' title='bbox 972 3230 1008 3280; x_wconf 88' lang='lat' dir='ltr'><strong>sis</strong></span> <span class='ocrx_word' id='word_1_276' title='bbox 1026 3230 1134 3296; x_wconf 88' lang='lat' dir='ltr'><strong>pietati;</strong></span> <span class='ocrx_word' id='word_1_277' title='bbox 1154 3244 1212 3278; x_wconf 89' lang='lat' dir='ltr'><strong>cum</strong></span> <span class='ocrx_word' id='word_1_278' title='bbox 1231 3227 1338 3294; x_wconf 90' lang='lat' dir='ltr'><strong>plebem</strong></span> <span class='ocrx_word' id='word_1_279' title='bbox 1360 3226 1392 3278; x_wconf 85' lang='lat' dir='ltr'><strong>ad</strong></span> 
     </span>
     <span class='ocr_line' id='line_1_31' title="bbox 295 3299 1393 3369; baseline -0.005 -19"><span class='ocrx_word' id='word_1_280' title='bbox 295 3314 327 3350; x_wconf 89' lang='lat' dir='ltr'><strong>ca</strong></span> <span class='ocrx_word' id='word_1_281' title='bbox 348 3299 489 3365; x_wconf 89' lang='lat' dir='ltr'><strong>perducas,</strong></span> <span class='ocrx_word' id='word_1_282' title='bbox 509 3314 577 3365; x_wconf 91' lang='lat' dir='ltr'><strong>quae</strong></span> <span class='ocrx_word' id='word_1_283' title='bbox 596 3302 680 3366; x_wconf 83' lang='lat' dir='ltr'><strong>magis</strong></span> <span class='ocrx_word' id='word_1_284' title='bbox 700 3300 797 3351; x_wconf 78' lang='lat' dir='ltr'><strong>decent</strong></span> <span class='ocrx_word' id='word_1_285' title='bbox 810 3309 938 3365; x_wconf 88' lang='lat' dir='ltr'><strong>mortuos,</strong></span> <span class='ocrx_word' id='word_1_286' title='bbox 961 3303 1006 3369; x_wconf 93' lang='lat' dir='ltr'><strong>qui</strong></span> <span class='ocrx_word' id='word_1_287' title='bbox 1024 3300 1094 3353; x_wconf 78' lang='lat' dir='ltr'><strong>inira</strong></span> <span class='ocrx_word' id='word_1_288' title='bbox 1113 3316 1190 3367; x_wconf 90' lang='lat' dir='ltr'><strong>quam</strong></span> <span class='ocrx_word' id='word_1_289' title='bbox 1211 3314 1257 3351; x_wconf 87' lang='lat' dir='ltr'><strong>cos</strong></span> <span class='ocrx_word' id='word_1_290' title='bbox 1277 3299 1323 3366; x_wconf 90' lang='lat' dir='ltr'><strong>qui</strong></span> <span class='ocrx_word' id='word_1_291' title='bbox 1344 3304 1393 3350; x_wconf 87' lang='lat' dir='ltr'><strong>su.&#39;</strong></span> 
     </span>
     <span class='ocr_line' id='line_1_32' title="bbox 290 3371 1393 3439; baseline -0.001 -19"><span class='ocrx_word' id='word_1_292' title='bbox 290 3385 339 3437; x_wconf 92' lang='lat' dir='ltr'><strong>pra</strong></span> <span class='ocrx_word' id='word_1_293' title='bbox 359 3376 456 3419; x_wconf 89' lang='lat' dir='ltr'><strong>terram</strong></span> <span class='ocrx_word' id='word_1_294' title='bbox 488 3376 642 3434; x_wconf 83' lang='lat' dir='ltr'><strong>versantur,</strong></span> <span class='ocrx_word' id='word_1_295' title='bbox 667 3372 781 3423; x_wconf 85' lang='lat' dir='ltr'><strong>adversa</strong></span> <span class='ocrx_word' id='word_1_296' title='bbox 811 3374 881 3423; x_wconf 91' lang='lat' dir='ltr'><strong>euim</strong></span> <span class='ocrx_word' id='word_1_297' title='bbox 906 3373 1026 3424; x_wconf 85' lang='lat' dir='ltr'><strong>adversis</strong></span> <span class='ocrx_word' id='word_1_298' title='bbox 1055 3372 1175 3424; x_wconf 89' lang='lat' dir='ltr'><strong>dividere</strong></span> <span class='ocrx_word' id='word_1_299' title='bbox 1201 3378 1228 3421; x_wconf 90' lang='lat' dir='ltr'><strong>et</strong></span> <span class='ocrx_word' id='word_1_300' title='bbox 1254 3371 1393 3439; x_wconf 81' lang='lat' dir='ltr'><strong>corrigere</strong></span> 
     </span>
     <span class='ocr_line' id='line_1_33' title="bbox 291 3439 1393 3509; baseline -0.003 -17"><span class='ocrx_word' id='word_1_301' title='bbox 291 3443 389 3493; x_wconf 88' lang='lat' dir='ltr'><strong>iustum</strong></span> <span class='ocrx_word' id='word_1_302' title='bbox 409 3447 459 3503; x_wconf 93' lang='lat' dir='ltr'><strong>est,</strong></span> <span class='ocrx_word' id='word_1_303' title='bbox 473 3439 642 3507; x_wconf 89' lang='lat' dir='ltr'><strong>quamobrem</strong></span> <span class='ocrx_word' id='word_1_304' title='bbox 662 3443 739 3493; x_wconf 89' lang='lat' dir='ltr'><strong>etiam</strong></span> <span class='ocrx_word' id='word_1_305' title='bbox 752 3442 906 3497; x_wconf 82' lang='lat' dir='ltr'><strong>Charmides</strong></span> <span class='ocrx_word' id='word_1_306' title='bbox 918 3444 1090 3506; x_wconf 80' lang='lat' dir='ltr'><strong>Larisaeusis,</strong></span> <span class='ocrx_word' id='word_1_307' title='bbox 1105 3458 1162 3494; x_wconf 91' lang='lat' dir='ltr'><strong>cum</strong></span> <span class='ocrx_word' id='word_1_308' title='bbox 1182 3442 1287 3494; x_wconf 87' lang='lat' dir='ltr'><strong>audiret</strong></span> <span class='ocrx_word' id='word_1_309' title='bbox 1305 3456 1393 3509; x_wconf 89' lang='lat' dir='ltr'><strong>queu.</strong></span> 
     </span>
     <span class='ocr_line' id='line_1_34' title="bbox 292 3512 1393 3581; baseline -0.005 -16"><span class='ocrx_word' id='word_1_310' title='bbox 292 3513 351 3565; x_wconf 88' lang='lat' dir='ltr'><strong>dam</strong></span> <span class='ocrx_word' id='word_1_311' title='bbox 369 3520 520 3564; x_wconf 85' lang='lat' dir='ltr'><strong>narrantem</strong></span> <span class='ocrx_word' id='word_1_312' title='bbox 539 3526 569 3562; x_wconf 87' lang='lat' dir='ltr'><strong>se</strong></span> <span class='ocrx_word' id='word_1_313' title='bbox 589 3513 616 3561; x_wconf 95' lang='lat' dir='ltr'><strong>in</strong></span> <span class='ocrx_word' id='word_1_314' title='bbox 630 3528 699 3579; x_wconf 87' lang='lat' dir='ltr'><strong>aqna</strong></span> <span class='ocrx_word' id='word_1_315' title='bbox 719 3522 858 3565; x_wconf 82' lang='lat' dir='ltr'><strong>aestuante</strong></span> <span class='ocrx_word' id='word_1_316' title='bbox 884 3516 960 3567; x_wconf 86' lang='lat' dir='ltr'><strong>vivus</strong></span> <span class='ocrx_word' id='word_1_317' title='bbox 980 3515 1081 3566; x_wconf 87' lang='lat' dir='ltr'><strong>vidisse</strong></span> <span class='ocrx_word' id='word_1_318' title='bbox 1106 3512 1251 3581; x_wconf 82' lang='lat' dir='ltr'><strong>anguillas,</strong></span> <span class='ocrx_word' id='word_1_319' title='bbox 1272 3512 1318 3563; x_wconf 91' lang='lat' dir='ltr'><strong>bas</strong></span> <span class='ocrx_word' id='word_1_320' title='bbox 1337 3513 1393 3578; x_wconf 79' lang='lat' dir='ltr'><strong>igi.</strong></span> 
     </span>
     <span class='ocr_line' id='line_1_35' title="bbox 291 3583 1393 3655; baseline -0.001 -19"><span class='ocrx_word' id='word_1_321' title='bbox 291 3593 345 3647; x_wconf 90' lang='lat' dir='ltr'><strong>tur,</strong></span> <span class='ocrx_word' id='word_1_322' title='bbox 364 3584 460 3652; x_wconf 89' lang='lat' dir='ltr'><strong>inquit,</strong></span> <span class='ocrx_word' id='word_1_323' title='bbox 480 3585 508 3633; x_wconf 95' lang='lat' dir='ltr'><strong>iu</strong></span> <span class='ocrx_word' id='word_1_324' title='bbox 531 3583 629 3651; x_wconf 83' lang='lat' dir='ltr'><strong>frigida</strong></span> <span class='ocrx_word' id='word_1_325' title='bbox 655 3598 815 3651; x_wconf 85' lang='lat' dir='ltr'><strong>coquemus..</strong></span> <span class='ocrx_word' id='word_1_326' title='bbox 853 3594 883 3637; x_wconf 90' lang='lat' dir='ltr'><strong>ut</strong></span> <span class='ocrx_word' id='word_1_327' title='bbox 902 3588 984 3655; x_wconf 80' lang='lat' dir='ltr'><strong>igitur</strong></span> <span class='ocrx_word' id='word_1_328' title='bbox 1012 3587 1115 3652; x_wconf 88' lang='lat' dir='ltr'><strong>etipse</strong></span> <span class='ocrx_word' id='word_1_329' title='bbox 1143 3586 1252 3651; x_wconf 80' lang='lat' dir='ltr'><strong>ignarus</strong></span> <span class='ocrx_word' id='word_1_330' title='bbox 1273 3584 1393 3637; x_wconf 86' lang='lat' dir='ltr'><strong>mansisti</strong></span> 
     </span>
     <span class='ocr_line' id='line_1_36' title="bbox 295 3655 1395 3724; baseline 0.001 -19"><span class='ocrx_word' id='word_1_331' title='bbox 295 3656 448 3724; x_wconf 89' lang='lat' dir='ltr'><strong>quindecim</strong></span> <span class='ocrx_word' id='word_1_332' title='bbox 467 3670 552 3707; x_wconf 90' lang='lat' dir='ltr'><strong>annos</strong></span> <span class='ocrx_word' id='word_1_333' title='bbox 574 3662 651 3706; x_wconf 88' lang='lat' dir='ltr'><strong>uatus</strong></span> <span class='ocrx_word' id='word_1_334' title='bbox 671 3655 817 3721; x_wconf 89' lang='lat' dir='ltr'><strong>doctrinae,</strong></span> <span class='ocrx_word' id='word_1_335' title='bbox 836 3658 873 3709; x_wconf 88' lang='lat' dir='ltr'><strong>itu</strong></span> <span class='ocrx_word' id='word_1_336' title='bbox 893 3660 950 3708; x_wconf 92' lang='lat' dir='ltr'><strong>eius</strong></span> <span class='ocrx_word' id='word_1_337' title='bbox 969 3666 1082 3709; x_wconf 86' lang='lat' dir='ltr'><strong>aetatem</strong></span> <span class='ocrx_word' id='word_1_338' title='bbox 1106 3670 1234 3707; x_wconf 89' lang='lat' dir='ltr'><strong>annorum</strong></span> <span class='ocrx_word' id='word_1_339' title='bbox 1253 3657 1395 3723; x_wconf 82' lang='lat' dir='ltr'><strong>sexaginta</strong></span> 
     </span>
     <span class='ocr_line' id='line_1_37' title="bbox 294 3726 1395 3795; baseline -0.003 -18"><span class='ocrx_word' id='word_1_340' title='bbox 294 3741 419 3793; x_wconf 82' lang='lat' dir='ltr'><strong>egressus</strong></span> <span class='ocrx_word' id='word_1_341' title='bbox 434 3735 463 3778; x_wconf 91' lang='lat' dir='ltr'><strong>te</strong></span> <span class='ocrx_word' id='word_1_342' title='bbox 483 3728 635 3780; x_wconf 85' lang='lat' dir='ltr'><strong>studiosum</strong></span> <span class='ocrx_word' id='word_1_343' title='bbox 648 3727 775 3778; x_wconf 89' lang='lat' dir='ltr'><strong>simulare</strong></span> <span class='ocrx_word' id='word_1_344' title='bbox 788 3728 859 3778; x_wconf 88' lang='lat' dir='ltr'><strong>nolis</strong></span> <span class='ocrx_word' id='word_1_345' title='bbox 878 3727 968 3792; x_wconf 90' lang='lat' dir='ltr'><strong>bodie,</strong></span> <span class='ocrx_word' id='word_1_346' title='bbox 989 3728 1148 3795; x_wconf 87' lang='lat' dir='ltr'><strong>simplicium</strong></span> <span class='ocrx_word' id='word_1_347' title='bbox 1166 3726 1272 3777; x_wconf 86' lang='lat' dir='ltr'><strong>scilicet</strong></span> <span class='ocrx_word' id='word_1_348' title='bbox 1291 3736 1318 3779; x_wconf 91' lang='lat' dir='ltr'><strong>et</strong></span> <span class='ocrx_word' id='word_1_349' title='bbox 1336 3728 1395 3793; x_wconf 90' lang='lat' dir='ltr'><strong>pri.</strong></span> 
     </span>
     <span class='ocr_line' id='line_1_38' title="bbox 292 3798 1393 3865; baseline 0.001 -18"><span class='ocrx_word' id='word_1_350' title='bbox 292 3811 394 3847; x_wconf 92' lang='lat' dir='ltr'><strong>morum</strong></span> <span class='ocrx_word' id='word_1_351' title='bbox 414 3812 538 3849; x_wconf 87' lang='lat' dir='ltr'><strong>sonorum</strong></span> <span class='ocrx_word' id='word_1_352' title='bbox 554 3798 810 3865; x_wconf 88' lang='lat' dir='ltr'><strong>elementorumque,</strong></span> <span class='ocrx_word' id='word_1_353' title='bbox 828 3799 894 3850; x_wconf 91' lang='lat' dir='ltr'><strong>baec</strong></span> <span class='ocrx_word' id='word_1_354' title='bbox 912 3808 974 3852; x_wconf 89' lang='lat' dir='ltr'><strong>suut</strong></span> <span class='ocrx_word' id='word_1_355' title='bbox 992 3800 1098 3851; x_wconf 92' lang='lat' dir='ltr'><strong>omniuo</strong></span> <span class='ocrx_word' id='word_1_356' title='bbox 1118 3798 1225 3849; x_wconf 90' lang='lat' dir='ltr'><strong>uomina</strong></span> <span class='ocrx_word' id='word_1_357' title='bbox 1247 3806 1274 3849; x_wconf 87' lang='lat' dir='ltr'><strong>et</strong></span> <span class='ocrx_word' id='word_1_358' title='bbox 1293 3798 1393 3850; x_wconf 85' lang='lat' dir='ltr'><strong>verba:</strong></span> 
     </span>
     <span class='ocr_line' id='line_1_39' title="bbox 293 3868 1394 3949; baseline 0 -30"><span class='ocrx_word' id='word_1_359' title='bbox 293 3868 405 3949; x_wconf 85' lang='lat' dir='ltr'><strong>primum</strong></span> <span class='ocrx_word' id='word_1_360' title='bbox 431 3869 499 3918; x_wconf 92' lang='lat' dir='ltr'><strong>enim</strong></span> <span class='ocrx_word' id='word_1_361' title='bbox 527 3871 619 3921; x_wconf 91' lang='lat' dir='ltr'><strong>dicunt</strong></span> <span class='ocrx_word' id='word_1_362' title='bbox 644 3869 756 3921; x_wconf 89' lang='lat' dir='ltr'><strong>solidum</strong></span> <span class='ocrx_word' id='word_1_363' title='bbox 777 3870 905 3938; x_wconf 89' lang='lat' dir='ltr'><strong>quoddam</strong></span> <span class='ocrx_word' id='word_1_364' title='bbox 926 3870 1154 3922; x_wconf 81' lang='lat' dir='ltr'><strong>fundamentum&#39;</strong></span> <span class='ocrx_word' id='word_1_365' title='bbox 1147 3885 1237 3919; x_wconf 86' lang='lat' dir='ltr'><strong>racerc</strong></span> <span class='ocrx_word' id='word_1_366' title='bbox 1257 3878 1394 3936; x_wconf 85' lang='lat' dir='ltr'><strong>oportere,</strong></span> 
     </span>
     <span class='ocr_line' id='line_1_40' title="bbox 294 3938 1395 4019; baseline 0 -30"><span class='ocrx_word' id='word_1_367' title='bbox 294 3938 355 4009; x_wconf 91' lang='lat' dir='ltr'><strong>quid</strong></span> <span class='ocrx_word' id='word_1_368' title='bbox 376 3938 535 4004; x_wconf 70' lang='lat' dir='ltr'><strong>adnomen,</strong></span> <span class='ocrx_word' id='word_1_369' title='bbox 556 3941 618 4009; x_wconf 93' lang='lat' dir='ltr'><strong>quid</strong></span> <span class='ocrx_word' id='word_1_370' title='bbox 637 3940 758 3994; x_wconf 83' lang='lat' dir='ltr'><strong>verbum</strong></span> <span class='ocrx_word' id='word_1_371' title='bbox 796 3942 901 4019; x_wconf 91' lang='lat' dir='ltr'><strong>deinde,</strong></span> <span class='ocrx_word' id='word_1_372' title='bbox 922 3942 983 4010; x_wconf 93' lang='lat' dir='ltr'><strong>quid</strong></span> <span class='ocrx_word' id='word_1_373' title='bbox 1003 3944 1038 3995; x_wconf 88' lang='lat' dir='ltr'><strong>sit</strong></span> <span class='ocrx_word' id='word_1_374' title='bbox 1057 3942 1203 3992; x_wconf 85' lang='lat' dir='ltr'><strong>adfirmatio</strong></span> <span class='ocrx_word' id='word_1_375' title='bbox 1233 3948 1259 3990; x_wconf 92' lang='lat' dir='ltr'><strong>et</strong></span> <span class='ocrx_word' id='word_1_376' title='bbox 1284 3940 1395 4008; x_wconf 82' lang='lat' dir='ltr'><strong>negatio</strong></span> 
     </span>
     <span class='ocr_line' id='line_1_41' title="bbox 296 4010 1398 4081; baseline -0.001 -19"><span class='ocrx_word' id='word_1_377' title='bbox 296 4018 323 4063; x_wconf 91' lang='lat' dir='ltr'><strong>et</strong></span> <span class='ocrx_word' id='word_1_378' title='bbox 350 4010 483 4061; x_wconf 87' lang='lat' dir='ltr'><strong>sententia</strong></span> <span class='ocrx_word' id='word_1_379' title='bbox 510 4019 536 4062; x_wconf 89' lang='lat' dir='ltr'><strong>ct</strong></span> <span class='ocrx_word' id='word_1_380' title='bbox 563 4012 701 4065; x_wconf 88' lang='lat' dir='ltr'><strong>conclusio</strong></span> <span class='ocrx_word' id='word_1_381' title='bbox 730 4020 757 4062; x_wconf 90' lang='lat' dir='ltr'><strong>et</strong></span> <span class='ocrx_word' id='word_1_382' title='bbox 783 4027 957 4081; x_wconf 86' lang='lat' dir='ltr'><strong>quaecunque</strong></span> <span class='ocrx_word' id='word_1_383' title='bbox 983 4029 1016 4063; x_wconf 87' lang='lat' dir='ltr'><strong>ex</strong></span> <span class='ocrx_word' id='word_1_384' title='bbox 1039 4012 1090 4063; x_wconf 90' lang='lat' dir='ltr'><strong>bac</strong></span> <span class='ocrx_word' id='word_1_385' title='bbox 1117 4012 1251 4063; x_wconf 86' lang='lat' dir='ltr'><strong>bominum</strong></span> <span class='ocrx_word' id='word_1_386' title='bbox 1281 4013 1398 4063; x_wconf 87' lang='lat' dir='ltr'><strong>coniun-</strong></span> 
     </span>
    </p>

    <p class='ocr_par' dir='ltr' id='par_1_4' title="bbox 298 4080 1401 4149">
     <span class='ocr_line' id='line_1_42' title="bbox 298 4080 1401 4149; baseline -0.001 -16"><span class='ocrx_word' id='word_1_387' title='bbox 298 4083 393 4134; x_wconf 89' lang='lat' dir='ltr'><strong>ctione</strong></span> <span class='ocrx_word' id='word_1_388' title='bbox 409 4089 435 4133; x_wconf 89' lang='lat' dir='ltr'><strong>et</strong></span> <span class='ocrx_word' id='word_1_389' title='bbox 448 4083 643 4149; x_wconf 87' lang='lat' dir='ltr'><strong>compositione</strong></span> <span class='ocrx_word' id='word_1_390' title='bbox 663 4085 797 4136; x_wconf 87' lang='lat' dir='ltr'><strong>nominum</strong></span> <span class='ocrx_word' id='word_1_391' title='bbox 817 4093 843 4136; x_wconf 90' lang='lat' dir='ltr'><strong>et</strong></span> <span class='ocrx_word' id='word_1_392' title='bbox 858 4086 999 4137; x_wconf 87' lang='lat' dir='ltr'><strong>verborum</strong></span> <span class='ocrx_word' id='word_1_393' title='bbox 1018 4085 1180 4136; x_wconf 80' lang='lat' dir='ltr'><strong>efficiuntur</strong></span> <span class='ocrx_word' id='word_1_394' title='bbox 1199 4082 1309 4134; x_wconf 88' lang='lat' dir='ltr'><strong>umbrae</strong></span> <span class='ocrx_word' id='word_1_395' title='bbox 1328 4080 1401 4133; x_wconf 87' lang='lat' dir='ltr'><strong>enim</strong></span> 
     </span>
    </p>
   </div>
   <div class='ocr_carea' id='block_1_4' title="bbox 297 4153 1402 4258">
    <p class='ocr_par' dir='ltr' id='par_1_5' title="bbox 297 4153 1402 4258">
     <span class='ocr_line' id='line_1_43' title="bbox 297 4153 1402 4258; baseline -0.002 -53"><span class='ocrx_word' id='word_1_396' title='bbox 297 4153 488 4229; x_wconf 89' lang='lat' dir='ltr'><strong>quodamnodo</strong></span> <span class='ocrx_word' id='word_1_397' title='bbox 508 4166 597 4233; x_wconf 78' lang='lat' dir='ltr'><strong>rorum</strong></span> <span class='ocrx_word' id='word_1_398' title='bbox 616 4164 677 4210; x_wconf 89' lang='lat' dir='ltr'><strong>suut</strong></span> <span class='ocrx_word' id='word_1_399' title='bbox 693 4156 755 4258; x_wconf 78' lang='lat' dir='ltr'><strong>supi</strong></span> <span class='ocrx_word' id='word_1_400' title='bbox 774 4159 919 4217; x_wconf 87' lang='lat' dir='ltr'><strong>secuudum</strong></span> <span class='ocrx_word' id='word_1_401' title='bbox 936 4165 1025 4211; x_wconf 88' lang='lat' dir='ltr'><strong>nutus</strong></span> <span class='ocrx_word' id='word_1_402' title='bbox 1043 4155 1234 4236; x_wconf 83' lang='lat' dir='ltr'><strong>substratorum</strong></span> <span class='ocrx_word' id='word_1_403' title='bbox 1247 4154 1362 4231; x_wconf 84' lang='lat' dir='ltr'><strong>lornati</strong></span> <span class='ocrx_word' id='word_1_404' title='bbox 1372 4158 1402 4207; x_wconf 89' lang='lat' dir='ltr'><strong>ct</strong></span> 
     </span>
    </p>
   </div>
   <div class='ocr_carea' id='block_1_5' title="bbox 0 0 1524 4759">
    <p class='ocr_par' dir='ltr' id='par_1_6' title="bbox 0 0 1524 4759">
     <span class='ocr_line' id='line_1_44' title="bbox 0 0 1524 4759; baseline 0 0"><span class='ocrx_word' id='word_1_405' title='bbox 0 0 1524 4759; x_wconf 95' lang='lat' dir='ltr'><strong> </strong></span> 
     </span>
    </p>
   </div>
  </div>
 </body>
</html>
