3017 4759
239 131 461 254 maronias
488 182 746 249 smanmnsn
769 182 908 249 xxviii.
927 163 1112 249 11-15,
1175 172 1245 249 185

144 345 247 415 ἅπασι
266 351 397 429 γένοιτο,
418 351 473 412 καί
493 345 638 432 δι’κηνιτό
659 344 835 411 ἀκόλαστον
858 350 957 410 έκεῖνο
978 347 1036 409 κατ’
1057 342 1246 429 βλάσφημον

149 450 253 529 στόμα
273 442 353 530 μετὰ
375 450 429 532 τής
457 449 642 532 γραφούσης
662 444 823 529 παράσχοι
850 445 959 529 χειρός
987 448 1147 524 ἐνταυθοῖ,
1172 448 1246 527 πρίν

145 547 178 625 ές
201 548 257 633 τήν
287 551 391 615 ἀΐδιον
414 553 532 633 έκεένην
565 550 779 632 ἀπενεχθῆναι
812 547 966 627 κόλασιν,
992 548 1047 609 καί
1077 546 1158 628 δήλα
1186 535 1246 608 κάκ
1380 536 1382 543 “

144 652 209 718 τόν
229 651 356 716 ε’νθένδε
385 653 561 733 προοιμίων
597 649 635 716 τό
658 653 722 714 τῶν
750 648 845 732 μήπω
878 648 981 731 δήλων
1011 641 1112 712 duaco
1143 648 1247 710 κακῶν
1298 637 1308 641 ’

119 755 264 838 δέφόδια
283 751 365 834 πρὸς
386 750 537 834 δημόσιον
568 754 638 835 φάς
660 753 802 847 καταστῇ
820 752 864 836 τῷ
895 747 1019 838 βεβήλῳ
1041 746 1140 836 τοότιρ
1161 750 1247 827 μᾶλ-

147 858 201 916 λον
223 846 244 935 ή
266 852 331 915 κατ’
353 853 470 915 ἐκεῖνον
490 849 546 913 τόν
564 853 619 933 τής
639 854 756 931 μανίας
777 847 941 930 έποόνυμον
954 842 1106 930 Ἄρειον,
1128 845 1162 922 ός
1184 848 1246 910 τεόν

144 958 201 1036 τής
219 948 357 1034 γαστρός
385 950 577 1035 ἀπορρήτων
610 950 668 1034 τήν
697 953 830 1015 κένωσιν
862 946 947 1014 κάτω
969 946 1021 1013 διοὶ
1053 950 1110 1031 τῆς
1150 945 1247 1029 ἕδρας

144 1058 363 1136 παρέπεμψεν.
386 1052 502 1124 ἐκεῖνος
521 1050 581 1132 γάρ
599 1049 677 1115 κατά
702 1050 801 1133 φόσιν
826 1049 1013 1139 ήμαρτηκοός
1038 1046 1092 1112 καί
1112 1044 1166 1111 διό
1185 1049 1310 1111 tainu

145 1151 226 1218 κατὰ
240 1149 340 1237 φύσιν
351 1153 471 1232 μορίων
485 1154 627 1216 ἐνταῦθα
640 1150 697 1235 τήν
709 1153 798 1233 δίκην
813 1142 1031 1230 έτισενήοότος
1045 1151 1074 1215 δ’
1089 1144 1245 1227 όπερόρια
1291 1193 1293 1199 ‚

104 1272 137 1327 10
145 1250 248 1337 πόσης
263 1249 390 1338 φόσεοός
405 1276 439 1315 τε
455 1251 510 1316 καί
521 1250 694 1336 ἐπιστήμης
709 1256 753 1327 εἰς
768 1251 844 1317 θεόν
858 1248 1134 1336 βεβλασφήμηκιός
1152 1271 1245 1330 τερα-

144 1353 232 1438 τοόδη
254 1350 324 1417 τινοὶ
347 1354 403 1417 καέ
423 1352 509 1436 παροὶ
533 1349 634 1437 φόσιν
656 1350 698 1427 οός
723 1354 760 1418 τό
784 1351 868 1427 εἰκός
897 1356 952 1416 καί
970 1353 1171 1431 μακροτέραν
1193 1349 1244 1411 δι’·
1253 1357 1273 1409 i·
1283 1354 1367 1409 1061.

145 1457 225 1518 δωοι
247 1452 306 1536 τήν
329 1455 427 1537 δίκην.
479 1449 653 1536 ὑφειμένον
686 1458 746 1535 μὲν
767 1453 826 1536 γάρ
849 1454 990 1526 κάκεῖνος
1021 1450 1077 1515 τόν
1101 1448 1172 1514 υἱόν
1193 1447 1248 1512 καί
1299 1522 1301 1527 Ι
1354 1498 1359 1511 ,

116 1543 124 1571 ’
145 1549 237 1635 λόγον
258 1551 356 1619 sindo
377 1554 434 1617 τοῦ
457 1557 535 1615 θεοῦ
556 1556 612 1615 καί
631 1557 691 1617 τιόν
712 1552 892 1631 ἀσωμάτων
913 1553 1051 1635 ἀγγέλων
1073 1544 1248 1635 όπέρτερόν

144 1676 177 1718 τε
201 1658 256 1717 κατ’
286 1654 498 1735 δημιουργόν,
524 1662 715 1732 σωματικοῖς
746 1648 830 1732 ὅμως
856 1649 972 1735 όρατόν
1003 1652 1185 1736 ὀφθαλμοῖς
1207 1632 1246 1711 οό

103 1773 136 1828 15
145 1753 313 1838 δεδόκηται
336 1751 450 1836 φόναι.
494 1751 547 1816 τόν
567 1751 627 1835 γάρ
652 1752 732 1836 όπὲρ
754 1751 831 1828 τοός
852 1754 1004 1835 ἀγγέλους
1025 1754 1080 1815 καί
1102 1753 1166 1815 τεόν
1189 1750 1249 1832 ἀγ-

143 1858 243 1936 γέλων
265 1857 469 1936 προαγωγέα,
503 1856 565 1918 τοόν
592 1849 732 1937 ἀγγέλων
762 1856 817 1918 κατ’
836 1857 897 1923 τεόν
925 1858 1041 1937 ψυχῶν
1061 1852 1095 1919 τό
1119 1851 1248 1917 ἔλαττον

144 1952 231 2036 ἔχειν
254 1956 311 2019 οάκ
334 1950 401 2036 εἶχε
423 1964 525 2020 νοεῖν·
568 1957 666 2040 φύσιν
685 1952 745 2038 γάρ
763 1942 849 2021 εἶναι’
868 1963 933 2030 τοϊς
959 1954 1142 2034 ἀσωμάτοις
1162 1946 1248 2017 ἀπα-

144 2078 197 2119 σιν
217 2048 302 2119 οἶδεν
322 2049 434 2137 ήκιστα
457 2054 582 2120 πόντων
598 2067 793 2137 σωματικοῖς
813 2057 995 2142 ὀφθαλμοῖς
1020 2055 1144 2138 ὃρατήν,
1166 2052 1246 2136 πλήν

149 2156 180 2220 εἰ
200 2151 244 2237 μή
271 2158 540 2237 συγκαταθέσεως
560 2159 722 2246 οἰκονομία
743 2159 906 2239 χριόμενος
930 2152 1108 2241 διαφόρους
1128 2158 1248 2239 ἐπιφα-

101 2261 232 2336 φηνειάς
253 2259 442 2339 σχηματίζει
455 2256 539 2332 ,θεός
562 2259 641 2321 κατό
662 2280 696 2339 γε
721 2257 796 2332 roric
823 2261 878 2340 τής
900 2253 1077 2339 ἀπορρήτου
1100 2258 1248 2337 προνοιάς

133 2354 294 2443 ,τρόπους
318 2358 362 2431 ὥς
387 2355 469 2422 οἵτε
492 2362 576 2420 θεῖοι
591 2362 648 2440 τής
668 2356 979 2441 ἔκκλησίαςπατέρες
1001 2350 1066 2422 ἀνω
1088 2358 1143 2419 καί
1163 2344 1246 2419 κόπω

147 2452 322 2540 διαρρήδην
344 2461 457 2538 βοῶσι,
480 2458 536 2522 καί
551 2459 641 2542 ἡμεῖς
663 2460 813 2541 ἀνωτέρω
833 2462 977 2544 πολλαχῇ
997 2480 1030 2523 τε
1053 2457 1106 2521 κατ’
1128 2455 1247 2520 πολλό-

143 2576 197 2629 ’θίέ
214 2556 361 2632 suxeram,
381 2554 529 2639 ἑπόμενοι
555 2561 772 2643 διεξήλθομεν.
796 2552 891 2637 οὗτος
912 2561 948 2623 δὲ
969 2554 1050 2639 μετοὶ
1075 2559 1133 2621 sori
1151 2552 1312 2643 sipon-15

147 2882 238 2945 potest
258 2875 372 2928 foeditas
402 2884 432 2928 nt
457 2877 538 2931 decet
561 2878 698 2946 propalam
725 2880 753 2931 in
773 2886 945 2947 conspectum
963 2879 1078 2931 omnium
1095 2879 1202 2931 veniret
1221 2886 1248 2931 et

147 2954 259 3015 propter
276 2947 465 3013 impudentiam
484 2951 538 3001 oris
557 2965 661 3016 poenas
675 2965 758 3003 onera
777 2968 825 3005 sua
844 2952 952 3003 cervice
967 2951 1112 3003 sustineret
1130 2950 1157 2999 in
1176 2958 1248 3003 terra

148 3027 290 3086 antequam
311 3019 338 3069 in
356 3027 492 3072 aeternam
510 3020 583 3072 iliam
605 3037 717 3088 poenam
740 3024 890 3074 traderetur·
916 3029 942 3072 et
959 3029 988 3072 nt
1007 3021 1068 3073 inde
1089 3028 1212 3087 tanquam
1233 3036 1248 3070 e
1281 3048 1282 3053 =

146 3091 286 3157 principiis
300 3105 332 3141 ea
344 3106 412 3157 qnae
424 3093 556 3157 patefacta
567 3095 682 3146 nondum
697 3093 819 3146 omnibns
833 3092 1010 3145 calamitatum
1022 3090 1176 3158 spectacula
1187 3099 1248 3143 anto

147 3160 242 3213 oculos
261 3170 350 3213 essent
369 3162 431 3214 hnic
442 3164 542 3215 homini
561 3166 645 3231 magis
663 3166 811 3232 proposita,
831 3180 907 3232 qnam
917 3164 983 3217 Arei
1001 3162 1075 3217 illins
1093 3164 1126 3215 ab
1145 3163 1247 3217 insania

145 3232 274 3284 nominati
290 3233 336 3300 qni
351 3233 439 3285 alvum
454 3251 502 3301 per
516 3251 594 3287 anum
609 3237 700 3287 eiecit.
720 3236 769 3287 iiie
789 3237 857 3287 enim
878 3236 923 3303 qni
944 3250 1058 3303 corpore
1079 3242 1256 3301 peccaverat,

148 3303 227 3355 etiam
245 3306 366 3369 corporis
385 3306 508 3358 membris
527 3322 640 3372 poenam
658 3307 740 3358 dedit.
784 3306 827 3369 hie¹
846 3322 912 3358 vero
933 3322 1011 3375 quum
1030 3322 1111 3374 snpra
1128 3315 1247 3358 naturam

150 3376 327 3427 strationem
347 3376 427 3443 impia
446 3379 473 3430 in
493 3379 570 3429 deum
589 3378 694 3429 scelera
713 3378 851 3441 edidisset,
876 3379 1023 3429 mirabilem
1041 3387 1071 3430 nt
1090 3378 1201 3431 decebat
1222 3384 1248 3429 et

148 3446 287 3497 maximam
306 3460 417 3512 poenam
437 3450 518 3501 dedit.
556 3449 660 3500 dixerat
688 3450 759 3500 enim
778 3450 821 3501 dei
842 3448 925 3521 fllium
952 3449 1018 3502 licet
1036 3450 1146 3501 verbnm
1169 3450 1204 3499 sit
1222 3455 1249 3499 et
1282 3446 1285 3451 '

149 3518 316 3581 incorporeis
335 3518 440 3584 angelis
461 3521 649 3586 praestantior,
676 3528 763 3572 tamen
784 3521 886 3588 percipi
905 3521 992 3573 oculis
1011 3535 1066 3571 non
1084 3534 1173 3587 posse.
1212 3517 1249 3569 il-

149 3586 204 3638 lum
225 3588 293 3636 enim
313 3590 358 3655 qni
376 3606 456 3657 snpra
476 3591 588 3659 angelos
609 3592 759 3644 collocatus
782 3600 853 3643 esset
878 3602 904 3643 et
923 3590 1079 3659 angelorum
1101 3591 1162 3653 dux,
1186 3604 1250 3656 par-

148 3654 259 3707 ticulam
276 3660 404 3724 quandam
424 3662 580 3731 angelornm
601 3665 686 3715 anima
706 3664 862 3715 inferiorum
885 3663 985 3713 habere
1005 3675 1058 3713 non
1078 3667 1183 3728 poterat
1200 3674 1250 3711 co.

148 3727 245 3796 gitarc.
281 3735 399 3781 naturam
419 3748 479 3784 esse
498 3735 531 3785 iis
550 3735 672 3789 omnibns
691 3751 760 3803 quae
787 3749 900 3801 corpora
917 3748 971 3785 non
991 3732 1120 3783 haberent
1138 3732 1249 3795 sciebat,

150 3805 178 3850 at
198 3797 307 3847 minime
328 3803 443 3852 omnium
463 3804 550 3855 oculis
576 3822 655 3871 posse
675 3806 884 3873 comprehendi,
906 3806 958 3857 nisi
978 3804 1184 3857 descendentiae
1203 3819 1250 3856 or-

150 3870 212 3921 dine
230 3883 294 3918 nsns
319 3871 407 3921 varias
440 3874 537 3925 formas
563 3878 728 3930 distinxisset
753 3878 818 3929 dens
847 3876 879 3927 ad
900 3878 1044 3927 immensae
1063 3876 1250 3941 providentiae

148 3940 258 4002 modos,
285 3946 313 3989 ut
343 3941 427 3991 divini
452 3944 586 3997 ecclesiae
612 3957 701 4013 patres
729 3948 773 3999 hio
802 3947 860 4001 illic
879 3947 1003 3998 distincte
1023 3947 1137 3999 clamant
1156 3954 1183 3997 et
1201 3960 1250 3996 nos

149 4024 257 4079 quoqne
276 4009 438 4063 multumne
457 4015 563 4080 saepius
588 4021 673 4070 sconti
700 4019 763 4071 ilios
782 4018 867 4070 locuti
894 4034 992 4071 snmus.
1031 4018 1075 4069 hic
1097 4031 1163 4069 vero
1184 4016 1251 4068 dixit

147 4088 256 4150 praeter
283 4081 443 4136 substratam
467 4086 527 4137 sine
543 4101 658 4154 corpore
682 4098 710 4143 et
735 4090 878 4145 existentia
904 4105 964 4142 esse
987 4092 1097 4153 lucem,
1111 4086 1250 4154 corporeis
