3017 4759
223 266 444 337 ntsuoamu
474 263 730 332 nuznnmunu
744 266 882 331 xxxvi.
900 248 1087 335 lat-50.
1158 260 1231 334 στα

133 437 196 497 θαι
216 433 271 498 καί
293 436 432 509 διοικεῖν,
454 428 658 515 παγχάλεπον
691 429 746 495 καί
767 419 907 516 ἐξίτηλον
938 428 1030 495 πόλιν
1051 433 1158 494 πάσαν
1178 429 1233 494 καί

134 540 296 600 πολιτιιαν
319 532 374 597 καί
396 532 499 598 οἰκίαν
516 531 575 595 καί
596 532 778 615 συλλήβδην
800 529 926 595 άπαντα
939 530 1039 617 φάναι
1061 531 1231 614 πράγματα

134 635 266 711 δείξειεν
290 620 330 698 δν
349 635 382 698 ἐν
402 636 538 718 βραχεῖ·
579 619 644 695 Ικαί
675 631 767 695 οὐδὲν
796 632 904 716 ἕτερον
931 631 1029 716 τούτῳ
1052 630 1232 710 λελείψεται

131 731 153 816 ἢ
175 742 240 810 τοῖς
261 738 317 819 τῆς
341 734 454 819 άρετῆς
474 732 619 817 όρμάνοις
639 734 743 807 κακῶς
762 730 919 818 χρωμένῳ
944 732 1033 815 δίιιην
1051 727 1153 815 πυρός
1175 731 1231 811 ἐμ-

104 850 121 901 5
133 838 257 921 πιπρᾶν
266 834 322 898 καί
338 832 419 922 ᾅδου
436 840 554 914 μυχοῖς
566 831 802 916 παραπέμπειν,
821 833 876 897 καί
889 830 961 896 εἴτι
973 832 1069 917 σφίσι
1076 831 1158 911 χθές
1169 854 1230 893 που

132 936 189 999 καί
212 935 321 1021 πριόην
341 935 464 1018 προσῆν
485 934 616 1007 ἐκείνοις
626 929 660 995 τό
679 928 840 1015 εὔδαιμον.
880 934 908 995 εἰ
930 935 957 996 δ’
982 927 1053 1008 οὖν,
1077 931 1232 1018 φρασάτω

131 1034 193 1115 μοι’
209 1058 256 1110 τις
278 1032 457 1119 παρελθών,
482 1031 580 1096 πόθεν
607 1027 742 1095 ἄλλοθεν
775 1033 807 1107 ἒς
828 1032 959 1097 τοιάσδε
979 1033 1233 1113 κακοδαιμονιῶν

132 1132 285 1214 ἐσχατιάς
305 1132 345 1197 τά
364 1134 484 1218 μέγιστ’
506 1133 609 1196 ἐκεῖνα
630 1132 685 1196 καί
704 1134 876 1217 τηλικαῦτα
896 1130 1115 1214 κατενήνεκται
1137 1130 1232 1216 σφίσι
1241 1147 1260 1200 f.
1271 1149 1359 1205 2611),

134 1232 315 1318 πράγματα.
358 1232 483 1308 πάντως
504 1230 684 1314 οὐδαμόθεν
705 1228 726 1315 ἢ
748 1239 816 1295 κατ’
840 1232 944 1296 αὐτῶν
957 1233 989 1309 ἔξ
1012 1231 1123 1308 αὐτῶν,
1145 1228 1230 1295 οἴκο-

86 1334 192 1395 1οθεν
220 1330 337 1410 οἴκαδε,
359 1332 395 1397 τό
417 1331 597 1416 λεγόμενον,
635 1329 725 1415 ἥδιον
746 1334 822 1416 γοῦν
841 1331 933 1417 ἔγωγ
954 1327 1002 1411 ,όν
1024 1333 1133 1417 πολλῷ
1150 1327 1231 1413 μετὰ
1244 1350 1300 1404 5ο

135 1432 335 1515 δικαιοσύνης
355 1430 411 1495 καί
433 1430 581 1513 εὐνομίας
601 1428 692 1513 ἦλίου
713 1454 746 1495 τε
767 1434 822 1495 καί
844 1432 967 1496 τοῦτόν
986 1430 1075 1516 ἥλιον
1097 1454 1229 1514 πεποιη-

133 1533 222 1608 κότος
246 1534 324 1595 &ab
354 1532 531 1615 διατελοίην
552 1527 660 1615 σαφὴς
683 1531 870 1615 λατρευτής,
905 1528 927 1615 ἢ
948 1529 1003 1596 διά
1019 1537 1230 1617 φιλοχρημα-

132 1632 213 1708 τίαν,
235 1632 403 1714 αἰσχίστην
434 1628 527 1693 νόσον
557 1628 723 1708 αἰσχίστου
751 1630 889 1715 τρόπου,
918 1629 999 1713 μετά
1024 1630 1156 1712 ἀνομίας
1176 1628 1232 1691 καί

136 1730 262 1805 ἀδικίας
284 1728 350 1813 εἴην
374 1729 477 1793 άνόων
498 1727 552 1795 τόν
569 1730 658 1811 βίον,
685 1729 741 1794 καί
763 1734 977 1806 παντοδαποῖς
996 1754 1030 1795 τε
1052 1729 1108 1795 καί
1129 1727 1241 1793 ποικι’-.

90 1842 123 1893 15
135 1836 200 1906 λοις
232 1831 398 1913 μιάσμασι
435 1830 680 1913 καταβαπτίζων
710 1828 728 1895 ό
756 1855 840 1916 φασι
871 1834 982 1916 ψυχῆς
1015 1829 1233 1915 καθαρτήριον

134 1931 311 2014 βάπτισμα.
355 1934 422 2007 πῶς
443 1928 504 2015 γάρ
527 1930 582 1994 καί
602 1931 649 2007 τίς
670 1954 716 2015 με
730 1934 882 2014 βαπτίσει
906 1934 1098 2017 τηλικούτοις
1119 1924 1234 1994 ἑαυτὸν

133 2028 293 2114 ἐμπιπλὰς
315 2032 366 2118 ἐφ’
386 2029 491 2121 ἡμέρᾳ
515 2032 601 2118 πάση
623 2035 678 2098 καί
696 2033 786 2098 νυκτί
800 2040 987 2117 μολυσμοῖς,
1010 2036 1065 2098 καί
1085 2034 1233 2098 τοσοῦτον

133 2129 185 2193 ὕπ’
208 2135 287 2216 ἐμοῦ
319 2133 650 2219 καταγινωσκόμενυς,·
684 2134 720 2197 οὐ
741 2132 804 2219 γάρ
826 2132 854 2197 οἱ
879 2134 1035 2220 άκροαταί
1055 2136 1112 2199 τοῦ
1132 2132 1231 2214 νόμου

135 2232 261 2310 δίκαιοι,
285 2234 374 2319 φησί,
394 2230 485 2318 παρὰ
505 2236 550 2319 spi
572 2236 648 2321 θεῷ,
672 2231 754 2297 άλλά
778 2232 807 2297 οἱ
830 2235 959 2317 ποιηταί
978 2237 1035 2299 red
1056 2233 1157 2315 νόμου
1184 2236 1232 2295 δι-

89 2332 389 2417 νθκαιωθησονιαι·
434 2332 489 2396 καὶ
512 2332 545 2395 ἐν
566 2332 660 2398 παντί
683 2332 774 2397 ἔθνει
794 2330 813 2397 ό
836 2334 1031 2419 φοβούμενος
1050 2331 1105 2398 τόν
1125 2332 1232 2417 κόριον

134 2432 240 2510 δεκτός
260 2432 349 2520 αὐτῷ
370 2433 464 2499 ἐστίν.
518 2431 556 2497 oei
589 2436 650 2520 γάρ
687 2436 756 2499 ἐστι
775 2435 1044 2519 ’προσωποληψιλι
1076 2431 1167 2518 παρὰ
1188 2434 1233 2518 τῷ

133 2536 210 2620 θεῷ,
235 2533 316 2598 άλλα
337 2537 400 2610 πάς
430 2532 468 2623 iq
492 2529 530 2598 δν
551 2534 779 2619 ἐπικαλέσηται
807 2535 842 2599 τὸ
864 2530 966 2617 ὄνομα
986 2535 1100 2621 κυρίου
1122 2532 1232 2616 σωθη-

135 2657 233 2698 σεται.
263 2634 319 2700 καί
339 2633 445 2718 δυμὸς
464 2634 519 2700 καὶ
550 2634 628 2723 όρμὴ
649 2635 705 2700 καί
733 2639 848 2718 θλίψις
877 2635 933 2699 καί
962 2633 1157 2719 στενοχωρία
1180 2630 1233 2699 ἐπὶ

1336 992 1351 1017 0

206 2822 248 2877 18.
266 2823 387 2880 Ilattia
405 2826 436 2881 ἐκ
452 2826 500 2893 τῆς
517 2818 590 2897 πρός
603 2824 758 2900 Ῥωμαίους
776 2826 934 2894 ἐπιστολάς.

137 3017 213 3087 quasi
231 3014 414 3073 instrumentis
443 3022 476 3075 ad
500 3023 587 3075 uarias
614 3022 728 3076 uirtutes
756 3023 918 3075 exercendas
943 3020 966 3074 si
981 3034 1036 3073 non
1053 3018 1123 3072 velit
1141 3020 1173 3073 ad
1191 3019 1233 3073 ias

139 3098 165 3141 et
187 3089 263 3157 leges
285 3091 345 3159 regi
365 3098 392 3141 et
411 3106 518 3160 regere,
537 3093 671 3147 labentem
700 3102 727 3146 et
747 3094 911 3161 deperditam
931 3099 1013 3144 totam
1033 3091 1141 3156 urbem,
1161 3092 1233 3143 etri.

136 3169 226 3226 tatem,
246 3160 350 3212 domum
370 3176 460 3215 omnes
482 3168 589 3217 omnino
604 3182 647 3217 res
665 3166 742 3217 brevi
757 3165 880 3218 ostendet
896 3180 985 3233 neque
1003 3162 1075 3215 aliud
1093 3164 1234 3231 quiequam

138 3234 172 3296 ei,
194 3233 239 3301 qui
259 3232 366 3286 virtutis
385 3234 566 3287 instrumentis
594 3236 663 3288 male
685 3238 782 3302 utitur,
808 3236 950 3303 superest}
970 3251 1046 3304 quam
1065 3242 1094 3286 ut
1109 3234 1141 3285 ad
1162 3234 1234 3302 ignis

137 3302 336 3355 similitudinem
355 3312 414 3356 urat
433 3314 460 3357 et
477 3307 506 3359 in
523 3308 668 3373 perniciem
690 3307 787 3372 trabat,
807 3308 901 3375 quibus
920 3307 997 3360 brevi
1015 3314 1093 3358 antea
1115 3305 1233 3357 ielieita.

138 3375 172 3426 tis
192 3375 254 3443 quid
278 3375 364 3427 adbuc
385 3377 481 3429 inerat.
526 3378 598 3429 dieat
626 3378 708 3445 igitur
731 3378 797 3430 mibi
824 3379 973 3447 quispiam,
999 3393 1061 3429 num
1079 3376 1187 3429 aliunde
1204 3376 1232 3427 in

139 3446 268 3498 eiusmodi
289 3446 455 3508 diabolorum
475 3449 542 3500 tinea
570 3464 666 3516 magna
694 3447 742 3499 illa
770 3457 797 3501 et
814 3449 879 3501 talia
898 3464 988 3501 eorum
1008 3450 1078 3502 tacta
1095 3463 1232 3514 pervene-

137 3517 198 3569 rint.
236 3516 358 3584 proiecto
386 3534 441 3570 non
458 3519 581 3583 aliunde,
609 3534 685 3586 quam
704 3519 737 3569 ab
756 3528 842 3571 semet
859 3521 945 3587 ipsis,
973 3520 1112 3572 edomum
1133 3520 1161 3568 in
1181 3518 1232 3569 do-

137 3603 222 3652 mum,
241 3596 271 3639 ut
293 3588 399 3641 dieitur.
437 3591 520 3641 multo
547 3592 667 3658 equidem
693 3590 830 3642 lubentius
856 3607 915 3642 enm
933 3591 1035 3642 iustitia
1053 3597 1080 3640 et
1097 3588 1232 3655 aequitate

138 3658 221 3711 solem
241 3667 268 3710 et
288 3660 364 3711 deum
383 3661 449 3712 solis
469 3670 615 3713 creatorem
635 3660 772 3728 propalam
791 3676 1031 3729 sempervenerer‚
1052 3674 1128 3727 quarn
1148 3666 1177 3710 nt
1197 3657 1232 3709 ob

137 3730 274 3783 avaritiam
296 3740 398 3798 pestem
416 3733 592 3799 turpissimam
614 3748 672 3783 eum
693 3734 835 3799 iniquitute
845 3741 872 3783 et
881 3731 1013 3783 iniustitia
1033 3732 1112 3783 vitam
1131 3730 1232 3781 transi.

137 3816 196 3867 gam
227 3808 254 3852 et
286 3803 368 3853 variis
393 3818 424 3853 ac
442 3804 635 3871 multiplicibus
654 3804 766 3855 maculis
782 3803 940 3869 baptismum
968 3817 1046 3869 quem
1067 3804 1170 3853 enimse
1188 3800 1232 3853 la.

137 3885 243 3922 vacrum
261 3873 352 3924 dieunt
370 3873 498 3940 polluam.
549 3876 609 3941 quis
627 3876 695 3928 enim
720 3875 852 3943 quomodo
879 3890 922 3926 me
938 3874 1084 3940 baptizabit
1103 3872 1232 3925 eiusmodi

136 3940 297 3996 macularum
313 3959 418 4011 semper
435 3946 529 4013 plenus
550 3954 577 3997 et
595 3946 659 3998 milri
677 3954 817 4013 tantopere
836 3944 996 4013 suspectus?
1020 3961 1074 3998 non
1094 3946 1163 3997 enim
1181 3959 1232 3995 au.

137 4014 237 4066 ditores
255 4014 324 4083 legis
343 4017 406 4067 iusti
424 4025 485 4069 suut
503 4016 573 4083 apud
592 4018 689 4084 deum,
711 4019 759 4071 sed
779 4017 896 4069 lectores
916 4016 986 4086 legis
1010 4016 1231 4071 iustiileabuntur.
1285 4032 1289 4041 ¹

137 4087 209 4137 etin
231 4088 402 4155 ambigente
422 4088 466 4157 qui
485 4095 594 4140 veretur
617 4089 749 4141 dominum
776 4096 867 4157 gratus
892 4089 917 4140 ei
937 4097 987 4154 est,
1006 4103 1060 4141 non
1080 4088 1149 4140 enim
1167 4101 1232 4155 per.
1281 4151 1285 4158 Ι

135 4172 201 4214 sona
219 4156 294 4213 rslet
312 4160 381 4228 apud
398 4160 486 4227 deum,
504 4160 551 4213 sed
571 4160 690 4232 quisquis
708 4160 847 4217 insonabit
871 4174 969 4215 nomen
990 4161 1089 4215 demini
1110 4158 1232 4225 munbi-
