3017 4759
115 323 122 332 ,
224 252 447 324 aaronita
473 253 731 323 succurram
754 237 1051 326 xxxii-84.
1125 241 1201 327 '325

102 420 230 500 λέγοντα
252 415 307 482 τδν
328 415 401 481 υἱόν
422 421 478 481 καί
496 417 589 500 λόγον
609 423 665 482 τοῦ
688 421 766 482 θεοῦ
790 415 950 504 διδφορον
970 423 1025 503 τῆς
1046 424 1202 506 πατρικῆς

103 519 217 594 οδοίας
239 522 295 583 καί
314 516 487 604 ὑφειμένον
502 518 588 602 θεόν,
611 518 756 601 καθάπερ
770 515 930 599 Εδνόμιδς
950 544 984 584 τε
1006 523 1061 586 καί
1073 512 1202 604 ’Ἄρειος

99 623 226 699 ἐκεῖνος,
250 621 305 683 καί
323 612 391 683 ὅσοι
404 616 442 683 τὰ
460 624 589 686 τοιαδτα
603 623 701 685 πάλαι
712 619 1041 706 βεβλασφημὴκεοανς
1065 617 1118 688 ἴνα
1138 621 1201 707 γὰρ

101 719 160 796 τὰς
179 723 242 784 τοῦν
258 718 365 784 θείων
385 719 585 786 διδασκάλων
615 717 705 804 ἡμῶν
723 722 756 784 ἕν
782 722 825 809 τῷ
846 718 979 802 παρόντι
1000 715 1121 806 τιμήσω
1144 719 1202 810 ῥῆ-

73 838 177 900 5οεις,
198 819 257 884 οδκ
277 817 409 885 deodate
440 824 553 896 πάντες
574 820 628 888 δεῖ
650 823 706 887 τοῦ
739 823 830 885 θειόυ
851 825 991 904 λέγοντος
1015 824 1201 906 ευάγγελιόυ

96 919 213 986 ’πάντα
240 923 284 985 δι’
308 925 411 985 adron*
433 921 575 1005 ἐγένετο,
599 925 654 987 καί
679 927 781 1006 χωρίς
804 922 903 986 edroi
930 925 1049 1006 ἐγένετο
1071 924 1147 987 ου’δδ
1167 919 1201 988 ἓν

101 1017 295 1106 δγίγονεν,’
313 1025 368 1087 καί
395 1027 453 1088 τοῦ
474 1025 582 1104 Δαβίδ
610 1025 717 1113 πολλῷ
746 1027 1018 1106 προθεσπίσαντος
1050 1021 1201 1106 πρότερον

36 1181 39 1184 ,
97 1119 215 1186 ιποῖντοι
236 1125 269 1187 δν
290 1127 389 1211 σοφίᾳ
404 1123 575 1207 ἕποιήοας,’
594 1127 650 1188 καί
661 1126 937 1203 τοῦ-Σολομῶντος
958 1117 1055 1202 αὖθις
1072 1122 1102 1188 ‘ri
1124 1121 1200 1199 θεὸς

101 1224 142 1310 τῇ
161 1226 260 1312 σοφίρι
279 1223 471 1310 ε’θεμολίωσο
487 1221 545 1306 τήν
559 1227 629 1307 γῆν,
655 1221 813 1308 ἡτοίμασε
833 1225 868 1288 δὲ
890 1222 1051 1308 οδρανοδς
1067 1227 1101 1288 ἐν
1117 1246 1201 1310 φρο-

58 1331 93 1384 10
103 1323 210 1406 niort?
252 1324 299 1398 τίς
323 1315 378 1385 orio
398 1318 444 1387 ἔτι
466 1329 564 1407 χρεία
588 1320 690 1407 λδγων
716 1325 761 1398 εἰς
786 1322 948 1401 α’πόδειξιν
971 1325 1027 1406 τῆς
1047 1331 1201 1407 παλαιγε-
1243 1325 1246 1331 ’

102 1428 176 1497 νοῦς
199 1423 301 1488 oritoni
322 1425 523 1504 κακοδοξίας,
556 1421 594 1507 ἢν
619 1425 719 1489 πάλαι
751 1417 892 1508 mosiaci?
910 1448 944 1488 τι
964 1429 1019 1488 καί
1040 1423 1124 1489 ἔτεκε
1148 1428 1203 1488 καί

101 1523 153 1587 δεῖ
172 1523 307 1610 γράφων
330 1523 386 1588 καί
405 1529 504 1605 λέγων
525 1525 564 1588 οδ
590 1528 771 1604 διαλείπει,
793 1525 850 1588 κᾶν
873 1533 944 1600 ταῖς
966 1524 1128 1598 πλατείαις
1149 1521 1204 1588 καί

102 1624 235 1708 οἷγοραῑς
254 1621 413 1688 διδάσκων
435 1622 513 1688 κατὰ
537 1625 656 1708 πολλὴν
678 1627 736 1688 τοδ
756 1621 951 1700 κωλύσοντος
974 1625 1126 1710 ἐρημίαν,
1148 1621 1203 1687 καί

100 1724 158 1801 τδς
178 1718 275 1798 δκοάς
298 1724 473 1807 διορύττων
496 1728 559 1790 suiv
580 1725 834 1810 οἷπλουυτὲρων.”
1091 1808 1093 1812 Ι

58 1841 91 1894 15
108 1824 113 1838 ’
195 1824 233 1909 Ὁ
252 1825 289 1890 δὲ
308 1829 474 1907 Παλαμοῖς
495 1829 557 1902 τῶν
577 1823 741 1908 ὀνομάτων
761 1829 817 1892 καί
835 1827 986 1914 ῥημάτων
1006 1827 1064 1904 τοὶς
1081 1829 1269 1902 δννοίαςθί

101 1928 156 1991 καί
177 1929 294 2000 κλίσεις
313 1924 531 2012 μεθαρμὸζων
552 1927 753 2014 ἐβλασφήμει
784 1927 822 1992 τὰ
845 1931 1024 2012 χείριστα,
1055 1930 1203 2014 ἐπιτιμη-

102 2027 173 2102 θείς
196 2028 226 2090 δ’
248 2022 292 2101 αἷς
315 2025 448 2110 α’μαθὴς
471 2027 529 2110 τήν
551 2031 614 2093 τῶν
635 2030 821 2108 συνδέσμων
844 2027 1012 2114 διαστολὴν
1034 2029 1201 2112 α’ντειοῆγο

100 2131 158 2193 τοῦ
178 2131 237 2208 μίν
249 2128 304 2193 καί
320 2129 377 2193 τοῦ
400 2131 445 2192 ti.
485 2123 652 2212 “yroniam
672 2123 760 2212 yu'p”⁸
776 2131 875 2215 φησίν
898 2129 917 2214 ἦ
941 2131 999 2194 τοῦ
1013 2131 1106 2194 θείου
1119 2133 1219 2214 Mas

102 2234 194 2308 ξίμου
224 2227 318 2314 ῥῆσις
333 2224 470 2292 “ὲαυτδν
501 2231 559 2309 μὲν
588 2227 603 2291 δ
633 2228 708 2307 θεὸς
739 2224 774 2292 ἐκ
810 2230 864 2310 τῆς
893 2230 1056 2312 μακαρίας
1087 2226 1200 2304 οδσίοις

57 2330 221 2406 poeniteri,
250 2326 288 2393 τδ
321 2329 350 2391 δ’
373 2326 427 2391 ὑπ’
456 2328 559 2393 αὐτοῦ
576 2327 724 2412 γεγονότα
746 2330 781 2392 ἐκ
802 2331 857 2410 τῆς
884 2333 1000 2414 σοφίας
1023 2328 1135 2408 ednod,
1156 2329 1199 2391 δι’

101 2417 140 2509 ἧς
162 2431 217 2492 καί
236 2429 270 2493 δν
292 2419 314 2516 ᾗ
334 2428 374 2493 τοὶ
397 2426 497 2494 πάντα
528 2431 682 2512 ἐποίησεν.
736 2427 800 2494 ἔδει
822 2421 881 2492 οὖν
902 2429 1001 2493 εἰπεῖν
1021 2429 1093 2491 καθ’
1116 2425 1199 2508 ὑμᾶς

67 2584 69 2587 .
103 2521 151 2592 δτι
174 2532 227 2592 καί
250 2524 266 2592 δ
291 2526 362 2604 viic
384 2527 502 2611 ὁμοίως
514 2519 662 2613 γινώσκει
684 2521 805 2605 ,ἑαυτὸν
829 2532 863 2595 ἐκ
884 2532 937 2616 τῆς
957 2529 1119 2613 μακαρίας
1139 2527 1216 2592 ου’-Ι

37 2873 45 2886 ’
102 2867 163 2906 esse
192 2867 208 2904 a
236 2859 348 2919 paterna
372 2853 490 2905 essentia
517 2861 544 2904 et
562 2852 719 2906 submissum
739 2853 837 2919 deam,
855 2860 885 2905 ut
902 2851 1049 2906 Ennomlns
1071 2859 1098 2905 et
1117 2852 1198 2906 Arius

18 2975 23 2988 ,
102 2924 152 2976 ille
172 2924 370 2991 etquicunque
389 2922 454 2975 talia
472 2926 524 2975 iam
543 2923 608 2975 olim
627 2925 771 2977 conviciati
790 2932 866 2978 sunt:
889 2925 987 2975 etenim
1005 2931 1035 2975 ut
1048 2923 1199 2978 divinornm
1281 2931 1283 2939 '

103 3001 306 3064 praeceptorum
326 3002 475 3045 nostrorum
491 3011 562 3046 nunc
573 3003 675 3049 taceam
688 2997 768 3060 dicta,
788 3010 877 3048 nonne
896 2995 993 3046 auditis
1015 3009 1106 3046 omnes
1125 3009 1200 3046 sem.

103 3082 152 3134 per
175 3065 296 3117 divinum
319 3065 489 3131 evangelium
513 3066 622 3120 diceret
650 3069 738 3119 omnin
758 3083 806 3134 per
832 3082 891 3118 eum
910 3065 1009 3118 flebant
1038 3072 1065 3115 et
1084 3065 1144 3117 siun
1166 3081 1199 3118 eo

104 3137 184 3190 liebat
202 3151 238 3186 ne
257 3150 337 3186 unum
357 3136 478 3204 quidem,
503 3138 573 3205 quod
602 3139 699 3190 lactum
720 3145 785 3202 est3
814 3145 841 3189 ct
858 3136 987 3190 Davidem
1011 3135 1096 3188 multo
1121 3144 1200 3190 antea

104 3207 276 3260 vaticinatum
296 3222 373 3260 esse:
401 3200 489 3277 oninia
508 3209 535 3261 iu
563 3211 695 3276 sapientia
715 3209 822 3274 lecisti;
849 3216 876 3260 et
901 3207 1073 3261 Salomonem
1093 3223 1198 3261 rursusi

104 3281 169 3332 deus
187 3279 318 3346 sapientia
339 3279 460 3331 fundavit
472 3288 588 3344 terram,-
599 3282 814 3347 repraesentavit
832 3287 919 3333 antem
942 3278 1035 3332 coelos
1054 3280 1082 3330 in
1101 3281 1198 3350 cogni.

103 3352 187 3402 tione.
224 3350 287 3419 qnid
307 3351 390 3420 igitur
406 3352 456 3402 iam
476 3365 543 3418 opus
564 3359 607 3402 est
625 3350 716 3404 verbis
734 3352 767 3404 ad
779 3351 968 3404 ostendendam
986 3353 1122 3420 antiquum
1141 3353 1199 3404 eius

103 3423 131 3471 in
150 3421 279 3490 dogmatis
298 3423 518 3488 perversitatem,
544 3438 622 3491 quarn
648 3423 698 3474 iam
725 3423 788 3475 olim
814 3423 1009 3490 parturivitset
1037 3423 1153 3491 peperit,
1174 3430 1200 3475 et

102 3507 156 3542 non
175 3493 273 3545 desinit
290 3509 396 3560 semper
406 3494 536 3576 peribere
565 3502 592 3546 et
610 3495 711 3560 dicere,
729 3496 756 3547 in
776 3494 873 3562 plateis
892 3508 999 3564 quoqne
1018 3503 1045 3546 et
1064 3494 1130 3546 loris
1148 3493 1200 3545 do..

104 3577 166 3612 cere
184 3571 294 3630 propter
312 3580 430 3634 magnam
456 3567 515 3618 eius
541 3567 586 3634 qui
605 3565 749 3633 prohibero
763 3567 861 3634 ,possit
889 3581 948 3617 cum
981 3565 1153 3617 solitudinem
1173 3571 1202 3616 et

101 3648 180 3685 annes
198 3634 337 3700 perforare
355 3636 558 3704 simpliciorum.

200 3728 320 3782 l’nlamas
340 3739 427 3783 autem
445 3734 581 3785 nominum
602 3742 630 3785 et
654 3733 796 3786 verborum
815 3734 939 3784 notiones
960 3739 987 3783 et
1004 3729 1200 3782 declinationes
1286 3760 1289 3776 »

101 3807 205 3852 mutum
224 3801 338 3865 pessima
358 3805 569 3858 conviciabatur.
588 3814 727 3873 postquam
748 3813 836 3857 autem
854 3818 904 3854 nos
925 3801 1087 3870 obiurgavit,
1106 3802 1200 3854 utin.

102 3874 195 3925 doctus
214 3872 435 3925 coniunctionum*
457 3877 654 3941 oppositionem
674 3878 839 3940 introduxit,
859 3889 955 3927 vocum
974 3875 1097 3926 nimirum
1119 3875 1199 3942 “qni-

102 3942 180 3995 dem’'
211 3948 238 3993 et
261 3944 353 3994 “sed”
392 3947 634 4019 cognominemur,
654 3949 794 4000 aitdirini
814 3946 918 4000 Maximi
943 3946 1057 4011 dictum,
1087 3961 1117 3997 se
1136 3945 1200 4012 qni.

102 4015 161 4067 dem
188 4014 253 4065 deus
275 4029 308 4064 ex
327 4017 444 4066 essentia
462 4017 622 4081 sualbenta:
643 4027 818 4086 quaerentem
837 4017 870 4092 plu
890 4032 922 4069 eo
942 4017 1100 4080 lactarunt,
1120 4029 1135 4066 e
1153 4029 1200 4066 sa-

103 4086 204 4153 pientia
223 4100 280 4149 snn,
305 4101 357 4154 qna
376 4093 404 4137 et
417 4080 449 4137 'in
462 4102 514 4155 qua
532 4089 658 4141 universa
677 4091 751 4141 fecit.
771 4089 912 4156 oportebat
929 4091 1012 4158 igitur
1031 4103 1089 4140 eum
1109 4086 1200 4138 dicero

104 4158 247 4211 secundum
267 4171 326 4222 vos,
344 4157 427 4211 lilium
447 4171 554 4228 quoque
571 4158 695 4213 similiter
713 4175 879 4230 cognoscere
898 4174 927 4213 se
953 4175 986 4214 ex
1005 4157 1122 4212 essentia
1141 4157 1199 4211 οἱον
