3017 4759
263 256 490 324 ursroamn
511 257 773 328 snztmrmn
792 260 901 331 xxvi.
925 248 1111 334 50-53.
1177 264 1246 334 τοι

142 420 300 485 Βιθυνῶν
317 418 456 504 ἡγεμόνα
475 421 668 505 βαρβάρων·
721 421 791 489 dass
818 424 878 509 μόρ
901 427 976 511 ἡμῖν
1001 424 1017 490 ό
1039 431 1094 511 τῆς
1117 430 1247 515 ἀφηγή-

142 544 223 595 σεοις
245 523 364 604 ε’κείνης
385 518 497 604 είρμός
518 527 772 590 καταλέλειπται.
817 524 856 589 τό
878 527 939 611 γὰρ
965 527 1043 593 κατίι
1067 532 1131 594 τῶν
1149 535 1248 613 πρέσ-

141 628 224 704 βεων
247 622 497 701 ξυμπεπτανκότα
521 624 623 687 αότοό
647 630 818 716 πυθομένῳ
847 630 954 718 έκείνιμ
979 624 1079 713 ἥκιστ’
1100 635 1247 715 α’ποχρῆ-

141 747 193 787 ναι
216 720 302 799 ἔδοξε
323 726 426 806 ’μέχρι
446 727 507 809 ιτῆς
530 724 662 809 α’πειλης
691 720 831 810 ἓστὴξειν
855 728 894 792 τό
919 736 974 812 τῆς
997 730 1138 814 α’μόνης,
1163 730 1243 795 α’λλό

114 822 343 906 ὅσατραπικός
371 826 430 904 μέν
452 822 640 906 προόπεμπε
670 826 724 900 τός
745 825 878 902 α’πειλός
909 829 965 894 καί
984 836 1072 910 μα’λα
1095 831 1245 912 α’τόπους,

140 924 408 1007 βαρβαρικώτερα
430 926 465 990 δὲ
494 924 549 989 καί
568 924 654 1004 μα’λα
683 924 867 1012 ἀτοπώτερα
886 940 957 1006 ταῖς
977 934 1123 1007 όπειλαίς
1146 956 1246 1014 προσ-

140 1027 241 1088 ετίθει
270 1023 308 1086 τό
339 1020 520 1107 πρόμματα.
564 1026 619 1088 καί
637 1029 697 1107 μέν
719 1027 757 1112 dr}
782 1031 843 1092 τῶν
865 1033 924 1109 μέν
945 1028 1041 1097 υἱέων
1066 1056 1245 1114 προστετα-

139 1122 208 1206 χόες
227 1121 281 1188 τόν
303 1128 428 1208 πρῶτον
449 1127 490 1188 δι’
510 1120 736 1210 Ἑλλησπόντου
759 1129 836 1193 sard
861 1135 924 1195 τῶν
944 1132 998 1196 sui
1020 1131 1147 1221 Θρᾴκης
1163 1132 1244 1196 Ῥοι-

140 1228 265 1306 μαῖκαῖν
285 1227 503 1308 περαιοῦσθαι
524 1230 671 1311 χοιρίων,
698 1229 795 1305 ου’τός
818 1228 852 1295 ἐκ
875 1235 936 1295 τῶν
959 1231 1165 1315 ὑψηλοτέραν
1187 1238 1245 1318 τῆς

96 1334 131 1389 10
142 1329 301 1400 Βιθυνίας
334 1322 457 1389 πόλεων
477 1328 596 1415 κατῄει,
624 1329 742 1414 πολλὴν
765 1332 958 1413 ἑπαγόμενος
989 1334 1105 1416 λόγχην
1127 1335 1181 1398 dul
1202 1331 1242 1397 τό

137 1430 193 1511 τῆς
215 1428 435 1510 Χαλκηδονίοις
458 1424 621 1512 ἱππήλατο
643 1432 717 1513 η’ῆς,
739 1430 828 1513 παρὰ
859 1430 911 1495 τὸν
936 1432 1082 1513 αἰγιαλόν
1103 1429 1162 1519 ὅπῃ
1185 1459 1246 1515 τη-

138 1530 275 1591 νικαῦτα
293 1528 348 1591 καί
369 1526 423 1591 τόν
442 1531 473 1593 Γ
471 1530 662 1594 εννουιτικόν
683 1535 869 1612 συνέβαινεν
890 1535 1045 1597 ἵστασθαι
1067 1531 1177 1597 στόλον
1200 1535 1243 1596 δι’

103 1618 108 1626 ’
137 1623 194 1705 σός
216 1625 362 1713 έφθημεν
381 1627 516 1712 τρόπους
538 1630 688 1704 εἰπόντες.
712 1627 857 1695 κάκεῖθεν
879 1632 921 1708 σός
947 1628 1009 1695 α’πό
1029 1634 1147 1718 δίφρου
1170 1637 1245 1699 dao-

138 1731 269 1793 ποτικοό
301 1730 374 1806 τοός
401 1753 434 1794 τε
466 1733 615 1812 πρέσβεις
637 1731 718 1811 μετό
749 1734 813 1796 τόν
834 1729 1009 1818 χρημότφν
1030 1733 1166 1821 α’πῄτει,
1189 1738 1244 1799 καί

95 1830 273 1905 15οίπειλός
303 1835 367 1895 τοόν
400 1833 564 1915 προτέρων
593 1833 724 1913 μείζους
749 1837 854 1922 πολλῷ
890 1838 1096 1917 προσετίθει,
1128 1836 1241 1901 αότίκα

137 1930 226 2012 pita
248 1930 327 1997 κοτό
350 1935 405 2016 τῆς
420 1930 607 2009 Βυζαντίων
626 1933 747 2010 πόλεως
770 1936 1042 2018 όιαπεραιοόσθαι
1064 1934 1243 2017 όπισχνοί-

138 2054 252 2112 μενος,
275 2034 306 2095 εἰ
335 2029 380 2117 μῆ
403 2028 496 2114 λόβοι
530 2032 612 2112 μετὰ
641 2036 727 2098 πάνυ
748 2038 881 2118 μακροῦἸ
901 2038 956 2099 τοῦ
989 2030 1243 2117 ὑπερβάλλοντος

138 2126 273 2197 ἅπαντα.
289 2132 366 2208 τοός
384 2135 444 2214 μὲν
464 2132 501 2217 δὴ
527 2126 585 2197 οόν
608 2136 727 2213 ζῶντας
746 2138 810 2198 ταῖν
829 2138 1001 2218 πρέσβεων,
1022 2135 1077 2197 καί
1099 2130 1157 2197 ὅσα
1179 2138 1242 2199 τόν

136 2229 313 2315 χρημάτων
342 2232 583 2315 α’νερευνιόμενα
621 2237 800 2316 ξυνελέμετο
832 2232 911 2315 πρός
940 2238 1002 2297 τιόν
1032 2234 1241 2315 διανειμαμέ-

92 2342 210 2413 wama,
232 2381 264 2401 ..
281 2380 313 2397 ..
339 2329 355 2397 ό
376 2331 541 2417 βόρβορος
564 2330 617 2399 oles*
635 2333 675 2401 τό
700 2334 843 2400 λείποντα
866 2336 1016 2419 σφοδρός
1036 2360 1069 2401 τε
1094 2340 1150 2399 καί
1170 2336 1241 2399 λίαν

139 2434 354 2519 έπερηφανοῖς
375 2438 399 2475 Ν
428 2438 563 2499 ε’νέκειτυ
585 2438 750 2516 α’παιτῶν,
772 2436 827 2499 καί
848 2440 900 2500 αἐί
920 2435 1091 2519 λαμβάνων
1110 2439 1168 2500 αἐί
1186 2440 1271 2521 Cep-i.
1288 2449 1375 2508 1231».

138 2537 201 2600 τῶν
223 2529 272 2618 η’ν,
292 2534 331 2600 τό
354 2539 462 2619 ψευδῆ
483 2541 666 2621 προστιθείς
690 2542 745 2601 καί
766 2537 1052 2624 προφασιζόμενος.
1096 2540 1184 2612 τέλος
1206 2540 1306 2606 din

137 2635 293 2719 στρατιόν
312 2633 422 2721 ἑτέραν
442 2640 506 2703 τιόν
528 2635 625 2702 υἱέων
647 2637 701 2703 τόν
723 2638 872 2721 όεότερον
893 2640 1050 2724 εἰληφότα
1073 2640 1245 2723 διαπεραι-

139 2738 258 2800 οόσθαι
280 2740 465 2821 προσέταττε
486 2737 537 2803 τόν
558 2740 616 2801 τοῦ
638 2736 769 2804 Πόντου
793 2740 913 2821 aspera
935 2737 989 2801 διὰ
1014 2742 1044 2804 Γ
1043 2742 1242 2803 εννουιτικοόν

211 2890 247 2943 20
265 2925 273 2941 .
294 2925 301 2942 .
323 2926 330 2941 .
351 2894 372 2961 .]
395 2888 612 2965 κομιοοίμινοςλ

137 3049 227 3101 mrum
246 3038 409 3106 prinsipem3
434 3039 515 3091 ineo
538 3039 607 3090 enim
627 3046 735 3091 nostrae
762 3038 921 3089 narrationis
948 3037 1012 3089 ordo
1032 3037 1158 3089 substitit.
1197 3022 1243 3106 riui

138 3126 219 3179 quum
247 3111 438 3179 cognovisset,
463 3110 525 3177 qnid
550 3111 633 3178 legati
656 3111 728 3176 passi
758 3117 856 3172 essent,
885 3108 1086 3178 haudquaquam
1114 3110 1242 3161 ultionem

137 3182 216 3233 minis
247 3188 346 3233 tantum
376 3189 528 3233 contentum
555 3196 614 3232 esse
639 3181 738 3233 debere
766 3180 906 3232 arbitratus
933 3196 987 3232 non
1012 3180 1097 3233 solnm
1120 3188 1243 3249 satrapae

138 3254 192 3305 ritu
212 3253 296 3304 minas
322 3252 460 3304 admodum
490 3250 640 3303 insolentes
665 3253 791 3316 iactavit,
823 3267 915 3303 verum
941 3253 1019 3303 etiam
1047 3253 1117 3303 facta
1145 3252 1244 3304 adiecit

138 3324 295 3375 immaniora
315 3331 342 3375 et
359 3322 543 3375 insolentiora.
581 3323 638 3375 filio
662 3324 732 3373 enim
743 3324 856 3375 maximo
875 3332 940 3375 natu
957 3324 1109 3390 imperavit,
1128 3330 1157 3374 ut
1173 3324 1243 3375 llel.

137 3394 262 3460 lesponto
297 3394 410 3446 traiecto
440 3395 473 3446 ad
502 3393 578 3447 locos
608 3394 742 3445 Romanos
776 3396 803 3445 iu
836 3394 948 3447 Thracia
975 3396 1040 3446 sitos
1072 3394 1241 3461 appelleret;

137 3469 198 3534 ipse
216 3473 304 3518 autem
325 3482 359 3517 ex
376 3466 560 3533 superioribus
573 3464 717 3531 Bithyniae
736 3464 846 3516 urbibus
870 3481 966 3533 magno
988 3482 1045 3517 cum
1070 3466 1190 3517 exercitu
1212 3469 1239 3517 in

137 3537 219 3606 plana
237 3537 299 3589 loca
308 3536 506 3592 chalcedoniae
525 3537 663 3589 descendit
682 3536 918 3601 seeundumoram,
938 3535 981 3588 ubi
1001 3538 1144 3588 tumetiam
1165 3536 1239 3588 elas.

137 3610 176 3663 sis
196 3608 375 3662 Gennensium
398 3610 542 3660 constituta
561 3616 618 3659 erat
637 3615 664 3659 et
684 3608 771 3659 causis
793 3622 872 3673 snpra
892 3609 1030 3674 expositis.
1067 3608 1129 3657 inde
1155 3606 1243 3659 veluti

139 3696 174 3733 ex
193 3681 263 3733 solio
285 3682 426 3747 tyrannico
446 3680 551 3749 legatos
570 3696 627 3731 cum
654 3678 749 3745 opibus
777 3680 897 3745 reposcit
914 3681 1053 3746 minasque
1073 3678 1143 3729 addit
1164 3681 1240 3744 prio.

136 3752 213 3804 ribus
238 3752 321 3803 multo
339 3752 567 3815 vehementiores,
587 3766 617 3803 se
635 3752 760 3801 nimirum
781 3751 902 3816 protinus
921 3750 953 3801 ad
974 3750 1066 3800 urbem
1091 3749 1240 3821 Byzantio.

137 3839 197 3877 rum
224 3824 396 3875 traiecturum
431 3838 506 3889 esse,
534 3824 587 3874 nisi
615 3824 704 3873 omnia
728 3836 824 3889 magno
843 3820 956 3872 eumulo
983 3828 1061 3872 aucta
1085 3821 1238 3873 reddantur.

44 3888 58 3912 ⁰
137 3910 295 3964 quamquam
313 3910 380 3947 aero
402 3894 516 3962 legatos,
536 3896 582 3962 qui
602 3894 706 3961 quidem
725 3892 812 3945 adiano
834 3893 861 3942 in
881 3893 951 3944 vivis
978 3900 1067 3945 essent
1086 3899 1165 3961 atque
1186 3908 1240 3956 res,

137 3982 208 4036 quae
226 3966 260 4017 ab
279 3967 322 4031 iis,
342 3967 387 4034 qui
407 3981 453 4017 eas
481 3967 552 4018 inter
579 3982 608 4016 se
634 3965 798 4027 diviserant,
820 3965 966 4031 requisitae
995 3961 1089 4031 colligi
1118 3971 1236 4030 possent,

136 4038 244 4106 recepit
261 4037 399 4101 barbarus,
420 4035 656 4088 vehementissime
674 4045 762 4088 tamen
782 4051 813 4087 ao
834 4035 1042 4100 superbissime,
1072 4048 1139 4103 quae
1169 4036 1238 4084 dee-

136 4117 207 4174 aaut,
226 4125 312 4178 usque
331 4108 472 4177 repetebat
493 4116 529 4171 et,
551 4121 604 4176 quo
624 4107 684 4175 plus
700 4108 814 4181 aceepit,
837 4121 869 4157 eo
890 4104 949 4173 plus
968 4105 1106 4173 poscebat,
1125 4104 1237 4155 menda.

138 4182 190 4235 ciis
209 4181 306 4236 additis
328 4188 407 4251 atque
427 4179 582 4249 praetextis.
619 4179 652 4232 ad
674 4186 820 4231 extremam
845 4177 928 4231 illium
948 4176 1094 4231 secundum
1113 4188 1172 4227 cum
1193 4172 1236 4227 al..

700 4285 735 4315 τι
