3017 4759
253 182 304 263 tt
557 191 782 259 urcunuom
813 146 1045 257 corconna

255 361 311 422 καί
334 360 437 422 ταύτα
465 358 525 438 μὲν
546 357 620 443 τῇδέ
644 380 685 442 πη
716 352 810 435 ε”σχεν
832 352 901 418 ἐκεῖ
918 355 984 416 κατ’
1009 354 1126 416 ἐκείνου
1145 350 1202 415 τδν
1221 350 1361 436 χρόνον·

220 540 226 547 .
254 454 323 541 ὅγε
356 455 422 541 μην
453 446 510 521 τού
530 456 699 521 Βενετικού
733 454 848 521 στύλον
871 452 1051 537 ναύαρχος,
1081 455 1113 527 ἒς
1144 455 1237 517 τούτο
1257 450 1362 535 τύχης

255 556 454 641 ἐληλυθότων
488 558 573 643 αύτῷ
604 560 666 619 τῶν
689 555 904 640 πραγμάτων,
925 555 964 619 τά
987 577 1021 617 τε
1042 552 1117 636 περί
1136 553 1195 635 την
1216 548 1362 635 Εύβοιαν

255 660 297 739 αἱς
319 658 393 744 ἐνῆν
415 658 611 749 διῳκήσατο,
643 662 697 722 κατ’
717 652 786 739 άμα
807 653 959 741 πλήρεσιν
984 651 1095 728 ἱστίοις
1116 652 1216 729 λύσας
1235 658 1269 733 ἐξ
1291 655 1361 719 Εύ-

253 762 345 842 βοίας
366 758 493 844 ύνηχθη
515 759 598 823 εύθύ
622 761 804 837 Βυζαντίου
831 754 1016 837 ποιούμενος
1035 751 1092 838 την
1114 761 1256 837 πορείαν.
1289 755 1389 822 eneis

256 865 291 927 δὲ
311 860 432 942 μεταξύ
455 857 619 944 γεγένηταί
637 857 667 923 οἱ
688 863 807 939 μαθεῖν
821 860 854 923 ε’ν
871 859 1086 945 Θεσσαλονίκῃ
1109 858 1283 941 διατρίβειν
1305 854 1361 919 τάν

256 966 404 1043 βασιλέα,
425 966 583 1043 τέσσαρας
614 963 677 1024 τούν
698 962 776 1023 νευῖν
804 956 1034 1037 ἀπολεξάμενος
1062 960 1116 1021 καί
1136 960 1198 1023 των
1218 951 1362 1037 μάλιστά

258 1062 287 1129 οἱ
310 1062 504 1129 πιστοτάτων
527 1058 578 1126 ἔνι’
597 1060 780 1143 παραδούς,
800 1054 1034 1142 πρεσβεύσαντα
1059 1061 1175 1139 πέμπει
1194 1056 1274 1141 πρύς
1296 1062 1361 1139 βα-

255 1168 346 1227 σιλέα
376 1165 452 1248 περί
478 1163 667 1245 συμμαχιάς
692 1159 770 1225 κατά
799 1164 862 1224 τοόυ
885 1163 996 1223 κοινῶν
1028 1162 1167 1243 ἐχθροῖν.
1213 1157 1310 1233 αύτάς
1332 1162 1361 1222 δ’

256 1266 288 1338 ἐς
303 1265 482 1343 Βυζάντιον
506 1256 633 1347 ἤλαυνε,
653 1262 857 1346 καρτερησων
877 1260 933 1346 την
952 1264 1009 1324 τού
1031 1263 1188 1343 βασιλέως
1210 1251 1335 1345 άφιξιν.
1372 1284 1410 1339 10
1474 1294 1478 1298 ·

190 1380 246 1432 1⁰
357 1363 463 1440 Αύτάς
498 1366 526 1427 δ’
555 1360 593 1428 dv
629 1366 744 1449 εἰδείης
773 1365 897 1443 βέλτιον
928 1365 1009 1441 ε’μού
1037 1360 1076 1425 τά
1098 1355 1186 1444 ἑξῆς,
1211 1358 1303 1436 αίτύς
1327 1384 1362 1425 τε

256 1462 366 1550 πυράν
395 1471 570 1550 γινομένοις
603 1470 658 1530 καί
679 1470 824 1545 βλέπων,
845 1465 900 1527 καί
919 1462 1049 1548 σφόδρα
1081 1462 1134 1527 διά
1156 1463 1298 1543 σπουδῆς
1318 1459 1360 1526 τά

256 1570 391 1631 τοιαῦτα
420 1566 618 1652 συγγράφειν
639 1565 732 1648 ἔχων.
788 1562 847 1649 ε’γά
869 1562 931 1646 γάρ
955 1562 1029 1638 τούς
1065 1563 1259 1649 ἐν’θαλάττη
1282 1564 1362 1638 τέως

258 1663 371 1742 δεδιιάς
391 1668 561 1751 [θορύβους
592 1667 672 1732 κατά
707 1668 821 1748 χοάραυ
846 1667 954 1745 με’νειν
981 1662 1088 1747 ἔκρινα
1109 1666 1176 1727 δεῖν
1198 1660 1231 1726 ἒν
1252 1665 1363 1751 καιρῷ,

258 1762 310 1833 ὅτε
332 1766 371 1852 δη
407 1766 462 1831 καί
482 1766 536 1840 τάς
559 1769 589 1831 Γ
588 1766 782 1840 εννουιτικάς
807 1769 927 1839 ε’κείνας
958 1770 1114 1845 τέσσαρας
1135 1765 1276 1848 τριήρεις
1297 1788 1364 1827 πα-
1374 1785 1408 1839 15

258 1866 491 1952 λινδρομούσας
514 1867 708 1951 ἐθεασάμην,
729 1865 766 1929 αΐ
784 1869 952 1951 διαφυγεῖν
973 1863 1185 1948 ἐδυνήθησαν,
1206 1862 1249 1939 ὥς
1270 1867 1363 1948 εἰρή-

260 1990 377 2047 κειμεν,
400 1965 460 2051 την
481 1963 541 2050 πρά
572 1970 710 2049 βραχέος
734 1968 852 2029 ἐκεῖνον
881 1964 1045 2045 κίνδυνον,
1067 1968 1145 2044 μιάν
1167 1987 1199 2028 τε
1216 1962 1300 2056 ,κατά
1323 1962 1362 2030 τά

259 2060 393 2152 λεληθὸς
415 2070 477 2133 τάν
497 2064 650 2152 παράλων
672 2062 809 2140 ἓλούσας
840 2061 1077 2149 πλουσιωτάτην
1099 2062 1240 2144 Εδβοίας
1260 2063 1363 2150 πάλιν,

260 2173 314 2234 κατ’
334 2171 702 2253 ἐξανδραποδισαμένους
715 2166 760 2231 ’ἐκ
781 2171 838 2231 τού
853 2168 1032 2253 αἰφνιδίου,
1055 2168 1110 2229 κατ’
1123 2168 1363 2250 α’πεληλυθυίας

259 2268 360 2346 εδθύς
387 2273 460 2349 μεθ’
495 2261 539 2334 ὧν
571 2266 738 2334 άποάλεσαν
764 2266 916 2353 πρότερον
945 2269 1160 2351 στρατιωτῶν,
1180 2264 1225 2348 μῆ
1249 2289 1406 2349 apocr-20

261 2372 401 2434 σθὲσθαι
439 2372 637 2454 δυνηθέντων
666 2372 727 2435 τῶν
761 2372 931 2453 Εὐβοέων,
965 2369 1044 2432 α’λλά
1076 2364 1130 2431 τάν
1157 2368 1360 2448 Ἐνδυμίωνος

259 2472 335 2545 τέως
361 2469 462 2535 εἰπεῖν
497 2468 722 2537 καθευδόντων
751 2465 849 2535 ύπνον
878 2468 930 2535 διά
962 2492 997 2552 γε
1029 2466 1063 2533 τά
1095 2465 1229 2551 ἔναγχος
1260 2470 1359 2533 ἐκεῖνο

259 2573 457 2655 προτέρημα.

260 2822 315 2861 ncn
335 2814 461 2862 conserta
478 2825 567 2879 neque
585 2825 674 2879 pugna
700 2810 792 2862 navali
812 2811 960 2863 commissa.
1000 2818 1026 2862 et
1046 2811 1113 2862 baec
1131 2810 1237 2879 quidem
1256 2823 1301 2862 res
1318 2809 1358 2862 sic

262 2896 291 2934 se
312 2880 370 2932 iere
389 2879 439 2933 illo
461 2888 581 2949 tempore
601 2882 724 2934 babebat.
762 2883 915 2949 praefectus
934 2887 1021 2934 autem
1041 2880 1134 2934 classis
1145 2880 1263 2933 Venetae
1281 2888 1358 2949 post-

262 2967 371 3021 eaquam
390 2960 443 3004 tam
471 2968 600 3022 prospere
625 2970 668 3006 res
697 2954 869 3018 oeciderunt,
890 2953 1016 3005 Euboeae
1042 2952 1206 3017 rationibus,
1232 2958 1358 3020 quantam

259 3025 373 3076 maxime
392 3024 450 3078 fleri
470 3027 565 3093 potuit,
586 3027 723 3091 ordinatis,
745 3025 860 3078 navibus
879 3024 974 3076 solutis
993 3024 1064 3076 velis
1085 3024 1174 3091 plenis
1198 3024 1261 3075 iude
1286 3031 1359 3074 recta

260 3095 419 3161 Byzantium
438 3112 532 3149 versus
552 3113 657 3149 cursum
677 3098 800 3149 intendit.
838 3098 942 3148 interea
962 3110 1028 3147 vero
1048 3097 1148 3147 certior
1164 3093 1250 3145 iaetus
1268 3094 1358 3160 Impe-

260 3174 376 3217 ratonem
384 3164 589 3219 Thessalonicae
604 3169 771 3231 commorari,
791 3162 915 3235 quattuor
934 3166 1018 3234 clegit
1035 3167 1133 3218 exsuis
1151 3166 1276 3229 navibus,
1296 3165 1358 3233 qui.

259 3236 309 3289 bus
328 3251 408 3286 unum
429 3251 462 3287 ex
482 3231 644 3289 fidelissimis
664 3239 713 3289 sibi
732 3239 902 3303 praefecitet
920 3238 953 3289 ad
967 3238 1155 3304 Imperatorem
1175 3238 1208 3288 de
1227 3238 1359 3287 societate

261 3313 354 3358 contra
373 3305 464 3359 hostes
477 3321 629 3359 communes
648 3309 783 3377 iungenda
795 3318 913 3361 acturum
929 3310 1009 3361 misit.
1029 3310 1087 3375 ipse
1104 3316 1191 3359 autem
1202 3307 1358 3373 Byzantium

262 3392 366 3429 cursum
387 3376 504 3442 direxit,
521 3379 691 3447 Imperatoris
710 3381 851 3432 adventum
868 3381 905 3431 ibi
924 3380 1143 3447 praestolaturus.

287 3472 296 3501 Ι
331 3464 367 3517 Tu
378 3480 443 3517 vero
454 3467 504 3518 iam
517 3480 627 3535 eaquae
647 3468 768 3519 insecuta
777 3477 848 3532 sunt,
860 3468 991 3536 quomodo
1003 3483 1063 3519 sese
1074 3466 1198 3530 habeant,
1209 3480 1252 3516 mo
1265 3464 1359 3533 melius

261 3537 423 3605 cognovisti,
434 3546 462 3590 ut
475 3539 520 3608 qui
530 3541 589 3605 ipse
601 3539 680 3589 rebus
691 3539 818 3603 adfueris,
833 3541 891 3607 ipse
900 3538 999 3590 videris
1013 3554 1111 3606 easque
1123 3536 1294 3589 conscribere
1303 3552 1360 3587 ma.

262 3608 398 3674 ximopsre
412 3611 529 3662 studeas.
551 3624 601 3678 ego
617 3625 682 3661 vero
694 3610 832 3675 tumultus,
852 3611 898 3678 qui
910 3626 983 3661 mare
996 3609 1220 3677 perungebantur,
1238 3615 1360 3659 metuens

261 3680 288 3729 in
308 3677 368 3728 loco
389 3679 452 3731 mihi
471 3683 628 3732 manendum
650 3697 709 3733 esse
721 3683 840 3746 decrevi,
860 3698 939 3749 quum
956 3680 1216 3748 praesertim'uaves
1236 3685 1360 3747 quattuor

260 3750 325 3799 istas
334 3748 500 3816 Genuenses,
521 3767 586 3819 quas
605 3752 752 3819 periculum
772 3754 923 3817 pauloante
942 3752 1130 3821 subterfugere
1149 3751 1270 3817 potuisse
1288 3750 1359 3801 dixi.

260 3833 328 3881 mus,
347 3833 488 3872 recurrere
508 3833 535 3875 ct
555 3822 622 3874 clam
643 3838 695 3875 uua
715 3839 748 3875 ex
766 3824 980 3889 opulentissimis
989 3823 1116 3875 Euboeae
1126 3822 1235 3873 urbibus
1246 3819 1278 3870 ad
1287 3830 1359 3870 mare

261 3890 320 3941 sitis
339 3896 416 3956 capta
434 3899 514 3961 atque
535 3903 646 3959 repente
665 3896 768 3960 direpta
788 3910 846 3943 cum
866 3892 1004 3956 militibus,
1024 3908 1091 3962 quos
1108 3900 1187 3945 antea
1205 3892 1358 3952 amiserant,

263 3974 355 4015 rursus
375 3960 450 4013 abire
460 3964 589 4029 viderem,
600 3964 803 4017 Euboeensibus
813 3979 867 4014 non
882 3963 936 4014 tale
956 3965 1018 4032 quid
1038 3962 1291 4031 praesentientibus,
1312 3959 1360 4011 sed

260 4030 435 4160 {bpdymionis
454 4048 582 4099 somnum,
600 4044 630 4089 ut
647 4037 736 4100 aiunt,
759 4034 793 4087 ob
813 4042 946 4090 recentem
966 4035 1040 4088 illam
1061 4036 1198 4089 victoriam
1217 4034 1359 4087 dormisn-
1449 4070 1464 4093 ,

187 4134 192 4139 -
274 4116 282 4152 ι
302 4118 342 4161 αι.
475 4107 482 4124 “
