3017 4759
245 263 468 332 nrsronrln
487 263 744 332 nmmnnsn
760 249 1049 360 muns-5.
1139 253 1216 332 loo

119 428 305 517 ἀνθρώποις
324 431 445 514 τολμᾶν
466 423 584 514 δρατήν
607 420 689 493 εἶναι
707 427 764 513 τήν
787 427 883 516 φάσιν
903 431 961 494 τοῦ
982 431 1046 494 τῶν
1069 429 1216 498 άπάντων

117 534 316 618 δημιουργοῦ
345 530 434 596 θεοῦ.
475 528 521 616 μή
548 522 603 595 οὖν
635 527 684 596 ὅτι
715 531 845 618 θρήνων
873 529 930 596 καί
959 531 1106 617 δακρύων
1128 530 1217 612 άξιον

63 658 65 666 ’
117 634 315 718 παμπόλλων
335 633 468 719 πάτριον
490 633 593 719 δόγμα
616 621 850 720 τήςέκκλησίάς
870 634 1033 709 κινοῦντας
1045 640 1112 710 τοῖς
1133 633 1216 700 οἷπο-

117 741 275 812 στολικοῖς
305 735 425 821 ἐκείνης
447 734 647 817 άναθίμασιν
675 728 808 810 ἑαυτοὺς
829 725 931 799 ἑκοντὶ
946 734 1109 821 παρέχειν,
1133 733 1217 800 ἀλλὰ

89 834 174 904 exal
192 836 311 920 μανιάς
333 834 417 920 άμοῦ
438 836 493 901 καί
516 835 714 921 ἠλιθιότητος
736 835 827 923 γέμει
855 836 987 899 τοιαῦτα
1017 835 1216 920 λογίζεσθαι.

116 936 172 1002 ἐπί
201 936 263 1026 γάρ
296 939 404 1004 πᾶσαν
429 937 640 1003 διδασκαλίαν
666 939 722 1003 καί
754 939 863 1002 πᾶσαν
883 937 1029 1022 μάθησιν
1059 938 1094 1002 ἐκ
1114 940 1217 1023 προῦ-

119 1041 308 1124 παρχοάσης
327 1039 475 1125 γίνεσθαι
500 1041 661 1125 ’φάσκουσι
675 1037 834 1125 γνάσεως.
878 1039 931 1102 δεῖ
947 1035 1009 1124 γάρ
1033 1038 1252 1124 μαρτυρίαςι

116 1142 151 1204 ἐν
173 1148 239 1216 τοῖς
256 1142 408 1217 τοιούτοις
430 1142 552 1217 ἐκείνας
573 1141 768 1228 προβάλλειν
787 1142 833 1217 εἷς
852 1141 1015 1227 προῦπτον
1035 1138 1091 1205 καί
1111 1161 1219 1226 σαφε-

116 1241 233 1327 στέραν
262 1241 400 1326 δήλωσιν
427 1247 491 1308 τοῖν
515 1241 746 1328 άτελεστέρων,
773 1240 818 1307 ἀἲ
844 1243 886 1329 τῇ
916 1243 980 1305 τάν
1002 1239 1216 1328 ἀνθρωπίνων

70 1347 105 1402 10
118 1343 301 1428 αἰσθήσεων
322 1346 357 1409 ἐκ
378 1346 505 1431 πρώτης
525 1342 678 1430 γενέσεως
699 1342 857 1432 συνηθείᾳ
884 1342 1015 1408 κανόσιν
1044 1341 1217 1416 ἀθανάτοις

114 1431 275 1530 μαθήσέις
295 1442 493 1529 ήλικιοάτιδες
512 1446 667 1532 γίνονται,
694 1443 868 1510 κάντεῦθεν
889 1443 1073 1528 άμοιβαίοις
1095 1441 1216 1525 ἴχνεσιν

118 1545 334 1632 άναγομένους
361 1549 535 1632 βαθμίδων
560 1547 651 1633 δίκην
680 1553 750 1622 ταῖς
778 1543 861 1612 κατὰ
881 1544 999 1632 μικράν
1017 1543 1220 1632 άπαλλογαῖς

114 1650 179 1712 τῶν
201 1645 364 1733 άναλάγων
388 1647 593 1737 πρασθέσεάν
623 1671 657 1714 τε
690 1649 747 1714 κατ’
767 1645 974 1736 άφυιρίσεων
1005 1648 1219 1733 συμβιβάζειν

114 1749 171 1814 καί
199 1749 247 1836 regi
272 1753 329 1834 τῆς
357 1751 530 1836 ἐπιστήμης
558 1750 656 1839 ήλίηι-
670 1751 899 1838 καθαρώτερον
934 1746 997 1837 ήδη
1032 1751 1216 1843 προσάγειν,

69 1853 103 1916 1'5
110 1847 219 1935 χρεών
253 1853 403 1936 διδακτής
435 1847 531 1937 οίισης
558 1855 615 1937 τῆς
635 1852 811 1938 ἐπιστήμης
837 1850 1113 1939 προϋπάρχουσαν
1133 1845 1217 1918 εἶναι

115 1954 304 2038 λογίζεσθαι
324 1955 441 2038 γνῶσιν
462 1950 518 2038 τήν
549 1957 613 2018 τῶν
635 1954 819 2039 αἰσθήσεων
841 1949 1069 2020 αὐτοδίδακτον
1088 1952 1217 2039 πράτηυ

115 2053 306 2137 κατάληψιν,
329 2052 386 2140 ἐφ’
409 2047 448 2139 ἧς
472 2052 515 2130 (ἐς
538 2056 573 2120 ἐκ
592 2055 718 2142 πριάτης
740 2053 845 2141 οἷρχής
873 2054 929 2118 καί
958 2057 1061 2139 πηγής
1091 2051 1121 2117 οἱ
1150 2053 1216 2117 uni-

114 2178 173 2238 σης
194 2153 368 2240 ἐπιστήμης
385 2153 603 2238 άποβλάζουσι
625 2153 739 2242 ῥάακες
757 2158 821 2221 τῶν
840 2178 875 2220 τε
892 2159 959 2230 τοῖς
972 2156 1139 2239 αἰσθητοῖς
1159 2153 1215 2220 καί

119 2256 297 2339 διανοητοῖς
323 2255 379 2320 καὶ
411 2262 534 2340 νοητοῖς
561 2255 807 2342 ἐνυπαρχόντων
835 2253 921 2340 ὅρων
941 2253 997 2318 καί
1023 2253 1136 2339 λόγων.
1176 2251 1247 2326 cri}

65 2353 177 2441 toyip
198 2357 328 2438 βλέπειν
350 2354 439 2442 ἡμᾶς
458 2356 513 2422 καὶ
535 2347 671 2435 evolem
688 2357 745 2422 eoi
764 2357 822 2422 νῦν
841 2357 902 2440 μὲν
923 2356 1064 2441 γλυκίων
1082 2354 1139 2421 καί
1157 2379 1212 2418 m-

114 2459 200 2542 κρῶν
229 2459 445 2524 αἰσθάνεσθαι
473 2455 527 2523 διδ
552 2460 609 2544 τῆς
630 2457 769 2545 γεύσεως
802 2459 858 2523 veie
880 2457 916 2524 δέ
936 2457 1083 2543 τραχέων
1102 2479 1137 2522 τε
1157 2455 1214 2520 καὶ

114 2556 209 2622 λείων
231 2555 285 2622 διδ
310 2561 366 2643 τῆς
387 2556 489 2646 άφής,
512 2559 569 2625 καί
596 2556 646 2626 ὅτι
671 2557 795 2646 θερμόν
819 2559 876 2626 καί
900 2555 1072 2624 καυστικδν
1088 2555 1125 2624 τά
1146 2557 1212 2643 πῦρ

112 2657 167 2724 καί
187 2656 319 2746 ψυχράν
339 2657 361 2745 ἦ
379 2656 480 2743 χιάν,
512 2661 620 2728 κοιναί
636 2662 717 2728 εἰσιν
741 2660 862 2728 ἔννοιαι
882 2661 985 2726 πάντα
1007 2660 1063 2725 καὶ
1083 2657 1212 2726 αιἰτοδί-

115 2998 237 3052 eamque·
254 2979 419 3035 invisibilem
446 2997 506 3036 esse
529 2997 583 3036 non
612 2983 700 3037 solnm
719 2981 871 3036 bominibus
895 2982 942 3035 sed
967 2983 1046 3054 etiem
1072 2982 1138 3052 ipsis
1161 2997 1213 3035 an.

114 3053 194 3123 pelis.
221 3054 280 3121 quis
299 3054 382 3122 igitur
394 3062 446 3106 tam
458 3055 614 3107 temerarius
635 3064 676 3110 est
692 3062 820 3123 tantaque
838 3054 1065 3121 amentiacaptus,
1083 3060 1113 3105 ut
1133 3065 1213 3122 qnam

115 3132 252 3177 creaturae
272 3123 426 3179 invisibiles
446 3126 509 3191 sint,
528 3127 587 3179 dico
605 3126 728 3196 angelos,
749 3127 869 3191 animas,
889 3125 1041 3191 daemones,
1060 3123 1212 3178 bominibus
1315 3163 1320 3171 .

115 3197 203 3249 dicere
223 3196 320 3249 audeat
340 3196 476 3250 visibilem
496 3213 557 3250 esse
584 3206 703 3252 netnram
722 3198 767 3250 dei
787 3198 832 3268 qui
852 3203 947 3249 cuncta
964 3198 1127 3265 procreavit.
1158 3213 1210 3249 ne.
1272 3244 1275 3260 ,

116 3283 166 3336 qne
186 3267 271 3320 solum
296 3269 324 3319 in
344 3269 527 3322 misericordia
551 3277 643 3322 nostra
666 3277 693 3322 et
715 3268 806 3322 multis
823 3268 941 3321 lacrimis
965 3276 1027 3321 sunt
1053 3269 1099 3338 qui
1123 3269 1210 3344 patrio

115 3339 237 3406 dogmate
257 3339 476 3394 ecclesieelaeso
489 3340 665 3408 apostolicum
685 3341 824 3393 anathema
833 3341 941 3394 sibimet
949 3341 1001 3407 ipsi
1020 3341 1210 3405 contraxerint,

116 3409 162 3464 sed
181 3417 255 3478 patet
278 3411 357 3462 etiem
377 3411 459 3464 multa
485 3428 532 3464 eos
557 3412 585 3466 in
604 3413 755 3464 temeritate
778 3421 805 3465 et
828 3413 943 3466 amentia
963 3414 1085 3477 versari,
1110 3414 1210 3481 quippe

117 3482 161 3552 qui
181 3495 284 3534 omnem
304 3482 393 3535 dicant
411 3485 556 3537 doctrinam
577 3491 604 3538 et
622 3498 725 3537 omnem
745 3484 925 3552 cognitionem
936 3483 996 3536 fleri
1011 3499 1045 3536 ex
1063 3490 1156 3536 nostre
1163 3496 1210 3534 ra-

116 3553 199 3606 tione.
236 3567 295 3606 nrm
316 3553 343 3606 in
363 3553 514 3608 buiusmodi
534 3555 615 3609 rebus
643 3556 677 3608 iis
700 3555 826 3608 utendum
852 3563 893 3609 est
910 3555 1071 3608 testimoniis
1089 3553 1123 3606 ad
1141 3568 1210 3606 con.

116 3624 232 3692 spicuam
258 3632 285 3676 et
303 3625 449 3691 pleniorem
469 3628 630 3681 infinitorum
649 3626 864 3693 revelationem,
890 3641 959 3696 qnae
978 3642 1012 3692 en
1036 3625 1209 3679 bumanorum

115 3711 237 3749 sensnum
266 3696 329 3748 inde
353 3712 368 3749 n
395 3699 485 3764 primis
510 3715 525 3751 e
546 3699 661 3766 pueritia
680 3697 796 3752 motibus
817 3697 1011 3752 consuetudine
1039 3698 1209 3764 cognitiones

117 3765 229 3821 evadent
253 3767 445 3822 immortalibus
469 3770 572 3839 regulis
598 3769 737 3839 aequales.
786 3771 882 3824 deinde
910 3767 1134 3837 progrediendum
1167 3776 1209 3823 est

116 3837 218 3891 alterno
238 3839 356 3908 vestigio
374 3841 502 3908 gradatim
522 3849 548 3893 et
567 3842 594 3892 in
612 3841 734 3911 analogia
753 3841 879 3894 addendis
893 3848 920 3892 et
938 3839 1074 3893 demendis
1094 3839 1207 3895 conclu.

116 3909 226 3964 (lendum
248 3925 282 3962 ex
301 3911 404 3978 exiguis
429 3927 498 3982 quae
515 3912 680 3966 intercedent
702 3913 878 3976 differentiis,
908 3918 936 3965 el
954 3918 984 3964 nt
1009 3913 1140 3966 scientiae
1165 3910 1207 3966 sol

116 3982 212 4034 clarior
230 3980 285 4046 liet,
305 3983 429 4050 qnoniam
444 3983 556 4035 seientia
567 3983 657 4036 doceri
670 3993 775 4053 potest,
795 3984 977 4037 demonstrare
996 3999 1063 4054 opos
1082 3991 1123 4038 est
1140 3984 1206 4038 sub.

117 4068 175 4106 esse
204 4054 356 4118 rationem,
378 4068 505 4106 sensnum
531 4055 666 4122 propriam
693 4071 725 4109 ec
749 4055 912 4124 primitivam
935 4057 1148 4124 perceptionem.
1191 4072 1207 4109 e

117 4131 308 4210 quamnquam
327 4139 341 4176 e
359 4125 444 4194 prime
466 4126 572 4195 origine
598 4139 630 4178 ec
647 4126 722 4180 fonte
740 4128 872 4181 scientiae
889 4130 974 4180 omnis
1001 4127 1147 4195 prosiliunt
1164 4127 1208 4180 ri.

116 4194 171 4250 roll
190 4196 269 4251 etsta
288 4211 358 4272 quae
375 4197 560 4270 percipiuntur
569 4233 578 4266 ‚
598 4199 769 4272 cogitentur,
786 4204 1001 4270 cognoscentnr]
1018 4199 1131 4260 eebsnm
1146 4200 1209 4274 pri.
1307 4207 1313 4214 ’
