3017 4759
237 364 241 369 ἤ
272 271 346 343 noo
570 271 794 340 nacmnom
825 231 1059 336 eaaaonaa

271 433 388 502 ἐαοτοῦ
407 433 441 499 ἐν
459 433 496 521 τῇ
519 433 601 519 αι’τῇ
621 434 772 518 ἐπιστολῇ
784 457 793 476 ·
823 424 887 494 '“ta
910 429 971 512 γὰρ
995 425 1177 512 θαλάσσης”
1200 428 1283 515 φησί
1298 429 1383 496 “aad

261 537 399 617 =6n6naan
421 531 775 620 δτιαιιοοσόντωνοιδιῷ
796 528 972 615 ἐγνώρισαν
988 529 1088 594 adnati
1108 528 1163 614 τήν
1182 529 1320 615 δεότητα
1342 527 1380 596 οἱ

272 632 452 701 ἀπόστολοι.
495 633 610 698 οὐκοῦν
631 630 694 696 6716
716 635 775 714 μὲν
798 635 859 695 τῶν
888 634 1052 713 ἐνεργειῶν
1089 624 1257 750 ἢγνοῖσις,
1278 629 1313 694 ἐκ
1337 633 1377 696 δὲ

272 739 329 820 τῆς
350 739 494 816 γνώσεως
516 735 535 819 ἦ
557 729 800 818 ιιρσσιιιέχησις.ἰ
851 726 928 819 δρᾷς
957 731 1025 805 πῶς
1048 733 1082 795 ἐκ
1103 733 1167 794 τοῖν
1185 733 1376 848 ἐνεργηθέν-

273 860 336 900 των
361 860 440 920 φησι
435 833 641 917 θαυμάτων
665 833 785 908 ταύτας
803 831 864 916 γάρ
889 855 988 916 φησιν
1011 823 1107 906 αι’τὸς
1130 825 1212 895 εἶναι
1235 829 1290 906 τοὶς
1312 856 1376 895 κα-
1385 849 1403 902 5

209 935 403 1011 detentione
424 929 492 1018 ἦτοι
515 937 720 1014 δεικνυμένας
752 933 828 1016 ημῖν
863 933 1032 1015 ἐνεργειᾝας
1076 929 1157 996 α’λλὰ
1189 935 1297 1013 δυοῖν,
1328 933 1375 1008 ὥς

272 1032 376 1117 ἔοικε,
410 1031 544 1157 θρὶτερον
568 1037 664 1108 δι’δως
685 1043 781 1097 νοεῖν.
824 1023 923 1116 ἢγέρ
956 1035 988 1108 ἐξ
1012 1031 1107 1113 αἰιοῆς
1130 1034 1301 1116 ιιιιροδιιιῆς
1324 1034 1376 1096 εῖ-

273 1133 385 1222 λη’φεις
406 1132 464 1218 τῆν
486 1134 591 1221 ῥῆσιν,
614 1128 633 1217 ἢ
656 1139 692 1220 τῇ
716 1135 898 1220 ἐπιστολῇ’
883 1131 1025 1214 εντοχων
1055 1130 1093 1200 οὗ
1115 1137 1273 1216 συνῆκας·
1299 1132 1375 1197 κατ’

272 1234 406 1317 πάσχεις
425 1237 648 1319 παραπλήσιον
674 1232 784 1314 ω’σιιερ
816 1228 856 1297 ἐν
879 1231 913 1296 εἴ
930 1257 977 1307 τις
1000 1235 1033 1296 ἐν
1059 1235 1245 1320 μεσημβρία
1266 1231 1374 1317 φωτὸς

271 1337 471 1422 ἀκραιφνοῦς
503 1333 578 1411 τοῦς
609 1332 801 1420 ἐφθαλμοδς
827 1331 976 1415 α’νασχοόν
1007 1329 1086 1414 πρὸς
1110 1330 1162 1396 τὸν
1182 1327 1280 1414 ἥλιον,
1301 1327 1418 1404 stralo

195 1462 202 1477 ·
273 1440 315 1502 δι’
337 1439 466 1503 α’τονέαν
498 1437 719 1521 ἐποστραφεις
749 1434 830 1519 ιιρδς
859 1434 916 1518 τήν
944 1437 1017 1516 γῆν,
1049 1429 1229 1518 χρωμάτων
1252 1431 1371 1497 εἴδωλα

272 1533 463 1624 φαντάζοιτο
487 1523 664 1602 ἱιολοειδῶν
692 1560 727 1601 τι
765 1540 819 1600 καί
848 1531 1032 1620 διαφόρων,
1069 1528 1090 1595 6
1120 1533 1222 1596 ιιιίνια
1261 1535 1372 1617 ψευδῆ

270 1660 304 1701 τε
328 1630 404 1702 ὄντα
427 1634 481 1701 aaa*
503 1635 692 1719 α’νιέιιαρκτιι
721 1644 789 1711 ταῖς
821 1630 1065 1719 α’ρρωστοδσαις
1095 1625 1192 1718 ὄψεσι
1222 1633 1369 1696 δοκοῦσιν

169 1809 172 1819 y
271 1732 354 1802 εἶναι
377 1739 493 1820 α’λιγθῆ.
527 1736 549 1819 ἢ
570 1737 691 1816 μᾶλλον
703 1729 810 1820 ὡόιιερ
831 1733 860 1800 οἱ
877 1731 1053 1814 μεθύοντες
1078 1732 1118 1796 ov‘
1128 1733 1167 1796 τοὶ
1193 1725 1267 1797 ὄντα
1288 1727 1371 1798 κατὰ
1394 1791 1405 1800 ,

183 1906 186 1923 1
274 1838 373 1922 φύσιν
385 1837 500 1920 ὁρῶσιν
513 1837 581 1900 ἀλλ’
594 1837 667 1899 ἀνθ’
680 1834 794 1918 ἐτέρων
811 1841 904 1918 ἕτερα
919 1837 1057 1915 δοκοῦσι,
1070 1837 1307 1916 ιιοματοομένης
1317 1833 1373 1914 τῆς
1385 1853 1419 1906 15

278 1928 384 2017 ὄψεως
407 1935 469 1999 a‘nd
494 1940 550 2019 τῆς
573 1936 647 2039 τιιρί
667 1936 719 2001 τὸν
740 1935 914 2023 ἐγκέφαλον
935 1931 1109 2020 ὑγρότητος
1130 1933 1185 1998 κατ’
1203 1931 1299 1997 οἱονεὶ
1318 1955 1377 1995 κο-

272 2033 485 2122 λαμβοόσης’
470 2061 502 2112 ις
524 2036 562 2100 τὰ
586 2034 762 2123 φαινόμενα
784 2039 995 2121 πλημμιλως,
1028 2030 1113 2099 οδτω
1136 2033 1173 2116 δὴ
1199 2031 1254 2097 κατ’
1275 2031 1374 2108 ου’τὸς

272 2140 401 2227 aipeiia'a
430 2141 530 2227 πολλῇ
564 2135 835 2222 στρατηγούμενος
867 2133 979 2222 ἥκιστα
1016 2135 1100 2218 ἔχεις
1128 2143 1210 2198 νοειν
1240 2132 1283 2210 ως
1303 2129 1373 2252 ἔχει

145 2252 262 2313 tldssr
274 2239 403 2324 φύσεως
423 2236 463 2304 τὰ
493 2244 675 2314 τοῖςθειοις
710 2242 886 2322 δεδογμένα
906 2233 1057 2318 ιιατροίοι.
1112 2237 1197 2300 τοῦτ’
1227 2231 1327 2298 ἐκεινο
1351 2229 1373 2294 6

272 2343 326 2404 κατ’
351 2347 416 2415 τοῖς
449 2338 512 2404 αἰιδ
538 2338 643 2425 ιιωίιης
677 2343 731 2405 ἐιιί
759 2344 850 2424 βῆμα
885 2341 939 2402 κατ’
970 2335 1032 2401 αἰιὸ
1064 2337 1226 2420 σκαιιοὶνης
1260 2337 1313 2399 ἐιιί
1333 2333 1418 2410 1620

204 2473 207 2499 ;
272 2445 433 2524 θεολογεῖν
454 2442 686 2525 αὐτομολοῦσι,
709 2444 772 2504 ιιιῖι
802 2443 861 2520 μὲν
884 2431 985 2519 ὄνομα
1008 2442 1081 2522 περὶ
1104 2439 1183 2501 θεοῦ
1201 2434 1371 2519 ’λεγόμενον

272 2539 458 2626 σωματικὴν
478 2545 610 2627 παρέχει
642 2540 698 2625 τὴν
718 2538 865 2622 ἔννοιαν,
889 2542 952 2604 πᾶν
976 2540 1011 2604 δὲ
1034 2543 1166 2623 ιιριῖγμα
1188 2534 1373 2620 σωματικὴν

262 2916 318 2985 sit.
356 2928 444 2972 temen
461 2911 637 3005 progrediens
656 2919 776 2986 reperies
797 2917 925 2972 Basiliam
944 2928 1066 2988 magnum
1089 2925 1116 2970 et
1133 2919 1218 2983 ipsam
1237 2915 1375 2983 interpre-

273 3000 373 3044 tantem
392 3007 459 3045 sna
454 2993 551 3076 ipsius
570 2991 689 3043 verba
682 3007 709 3042 m
734 2991 825 3042 eadem
846 2991 969 3056 epistola.
1008 2989 1105 3042 emari
1108 2985 1211 3052 enim,
1231 2989 1328 3055 inquit,
1346 2993 1373 3037 et

272 3066 372 3128 ventis,
388 3079 457 3132 qnae
476 3065 501 3113 ei
523 3063 661 3130 parebant,
679 3064 738 3113 eins
758 3063 924 3114 divinitatem
950 3061 1066 3128 apostoli
1093 3066 1288 3128 cognoverunt,
1307 3071 1371 3125 ergo

275 3136 308 3185 ab
328 3135 480 3186 efficientiis
505 3135 610 3201 quidem
630 3141 692 3184 nata
719 3141 760 3184 eat
787 3134 922 3200 cognitio:
949 3133 1138 3216 arognitione
1166 3139 1254 3181 autem
1275 3129 1371 3180 enltns.

272 3207 349 3258 vides
367 3221 428 3256 enm
446 3205 536 3255 dicere
562 3219 577 3254 e
595 3203 731 3256 miraculis
751 3205 873 3268 effectis,
893 3203 938 3255 has
960 3205 1029 3254 enim
1053 3201 1118 3256 dicit
1136 3200 1185 3252 ille
1204 3217 1264 3252 esse
1284 3200 1373 3251 effici-

266 3277 358 3327 entias
385 3277 456 3327 sive
470 3274 663 3326 descendentes
687 3276 747 3326 sive
774 3282 933 3342 apparentes
958 3275 1044 3325 nobis.
1088 3274 1134 3326 sed
1152 3271 1307 3324 alterutram
1327 3271 1373 3322 vi-

273 3346 344 3398 deris
364 3346 426 3398 dar‘e
444 3346 522 3397 nobis
537 3346 719 3412 cogitandam:
744 3355 790 3398 nat
815 3349 883 3397 enim
910 3347 1011 3398 eiama
1033 3347 1130 3397 cursim
1155 3343 1290 3409 arripuisti
1311 3357 1373 3393 ser-

273 3432 378 3468 monem
399 3424 446 3468 ant
460 3417 493 3467 in
512 3416 653 3483 epistolam
671 3417 791 3469 incidens
811 3434 864 3469 non
884 3417 1059 3469 intellexistis
1080 3423 1106 3467 et
1127 3416 1196 3467 idem
1218 3415 1271 3480 pati
1292 3412 1371 3464 vide.

270 3491 310 3540 ris
330 3497 359 3539 nt
376 3490 399 3539 si
417 3489 477 3555 qais
495 3488 607 3539 meridie
636 3489 741 3556 integra
760 3488 821 3540 luce
843 3487 937 3540 oculos
957 3487 1083 3540 attollens
1111 3487 1142 3537 ad
1162 3485 1256 3548 solem,
1276 3485 1372 3536 deinde

272 3568 384 3628 propter
401 3558 559 3626 languorem
583 3574 694 3610 aversus
722 3561 750 3610 in
770 3568 884 3624 terram,
900 3559 1019 3611 colorum
1044 3557 1185 3611 simulacra
1204 3557 1281 3607 sibi'
1274 3555 1372 3619 imagi.

271 3636 351 3684 netur
369 3631 569 3683 multiformium
590 3637 617 3680 et
636 3629 819 3695 diversorum,
840 3645 927 3698 quae
935 3633 1022 3682 omnia
1041 3631 1161 3697 quamvis
1181 3629 1242 3680 sicta
1261 3634 1288 3677 et
1295 3627 1373 3692 sub-

270 3705 369 3755 stantia
389 3705 510 3756 carentia
528 3701 615 3754 oeulis
632 3709 720 3752 temen
747 3701 880 3770 languidis
898 3717 963 3752 vera
995 3717 1054 3753 esse
1074 3701 1212 3753 videntur:
1241 3699 1302 3749 aive
1319 3711 1373 3764 po-

271 3776 325 3826 tins
343 3774 414 3826 sient
442 3775 510 3826 ebrii
527 3790 581 3826 non
609 3774 702 3825 vident
730 3790 773 3824 res
794 3773 887 3842 quales
912 3789 979 3824 nere
1005 3779 1066 3824 sunt
1092 3773 1138 3823 sed
1164 3783 1211 3836 pro
1238 3769 1299 3820 aliis
1320 3768 1373 3820 alia

171 3887 174 3894 .
272 3845 413 3909 videntur,
446 3845 526 3896 oculo
548 3846 682 3912 exagitato
702 3853 812 3911 propter
835 3844 983 3912 liquorem,
1010 3844 1056 3910 qni
1087 3844 1115 3893 in
1143 3839 1255 3892 cerebro
1275 3847 1324 3901 est,
1348 3845 1374 3889 et

272 3925 396 3983 tanquam
423 3924 531 3966 notante
564 3924 592 3966 et
617 3915 762 3967 fluctuante
792 3916 861 3982 qnod
889 3916 985 3966 adres
1018 3922 1177 3980 apparentes
1204 3913 1314 3984 attinet,
1337 3912 1374 3960 ita

211 4031 216 4036 .
268 3991 352 4040 etiam
378 3995 406 4038 ta
436 3986 604 4053 ignorantiae
634 3986 733 4037 multae
760 3986 812 4035 dux
837 3987 945 4036 minime
969 3987 1022 4037 scis
1044 3985 1176 4052 quomodo
1202 3999 1232 4034 se
1257 3983 1373 4033 habeant

273 4067 367 4110 natura
394 4058 518 4126 dogmata
543 4065 645 4123 patrum
672 4057 837 4108 divinorum:
861 4056 955 4108 iilad'
949 4072 1048 4122 ipsum,
1075 4055 1144 4122 qnod
1171 4055 1249 4105 etiem
1267 4054 1301 4104 iis
1322 4065 1373 4102 nan

267 4131 362 4194 venit,
392 4132 438 4198 qni
458 4145 474 4180 a
492 4143 564 4180 remo
587 4127 619 4178 ad
638 4136 792 4196 suggestum
817 4134 843 4178 et
861 4143 876 4178 a
896 4127 988 4196 ligone
1011 4129 1044 4179 ad
1056 4126 1226 4212 ‘theologiam
1245 4133 1373 4177 transvo-

246 4200 339 4297 ’lana
358 4215 437 4255 omno
457 4214 555 4254 nomen
576 4200 610 4252 de
631 4200 681 4252 deo
701 4201 799 4252 dietum
818 4198 860 4254 his
872 4198 982 4268 praebet
1001 4199 1193 4270 cogitationem
1204 4209 1373 4265 corpoream,
