3017 4759
182 308 190 319 .
300 213 382 292 >174
602 211 836 298 ‘urcmnom
866 168 1100 293 canaonas

303 387 401 474 οόοης
424 388 544 469 ἐκείνης
564 384 581 449 ό
605 391 770 467 Παλαμιῖς
801 387 921 468 α’νέγνω
952 384 1106 467 συνόδου,
1137 381 1290 449 δεικνύειν
1310 384 1410 465 δῆθεν

268 557 273 565 ,
306 487 425 552 ἐθέλων
448 485 492 561 τός
512 482 625 567 ἥκιστα
647 496 738 553 νοσεῖ
752 491 828 571 περί
848 486 906 571 την
920 487 1038 569 εὐσεβῆ
1060 487 1176 565 πίστιν,
1199 486 1255 549 καί
1275 487 1351 565 πρός
1372 506 1409 565 γε

196 620 199 622 Α
303 588 365 655 τεόν
382 584 514 667 ιεότόπων
535 583 663 651 ἐκείνων
683 585 813 669 τόμων,
839 588 871 651 εἰ
898 586 943 671 μή
968 587 1071 651 πιόντα
1102 584 1204 669 φάναι
1226 580 1409 665 συλλήβδην

302 684 396 762 όςτόΙ
418 688 519 771 μηδὲν
545 688 712 765 ἐλλείπειν,
736 690 805 751 αλλ’
833 678 889 752 οὖν
919 684 958 751 τό
988 685 1181 772 καιριώτερα
1212 686 1276 747 τῶν
1298 684 1409 765 μεροῖν

302 787 525 877 οἷπολεξιιμίνφ
548 796 671 868 νομιεῖν
692 788 779 871 ἡμῖν.
834 790 885 871 ἐφ’
908 782 970 873 ότφ
993 788 1047 868 δέ,
1072 786 1141 851 ov'd'
1162 782 1261 851 ου’τόν
1283 783 1433 867 όγνοεῖνδ

302 882 393 969 οἶμαι
412 888 467 953 σε’·
511 890 541 953 εἰ
562 890 592 955 δ’
613 881 683 969 osis,
705 884 811 976 γνσόση
835 890 864 951 δ’
887 881 972 953 oab?
1005 932 1009 937 -

237 1014 291 1069 ιο
405 989 533 1053 Tearos
554 992 585 1052 δ’
619 986 703 1053 οότω
725 986 905 1071 λεχθέντων
926 990 1021 1073 ἡμῖν,
1057 990 1153 1069 όμὲν
1173 984 1408 1070 Ἀγαθόγγελος

301 1090 399 1177 α’πῄει
419 1090 477 1172 την
504 1094 660 1157 εἰωθυῖαν
680 1088 833 1172 ἐνδακρός
855 1114 889 1154 τε
919 1091 973 1155 καί
1000 1089 1087 1171 μόλα
1119 1114 1147 1153 τι
1176 1090 1344 1161 πλείστους
1374 1088 1408 1151 ἐν

301 1190 460 1272 θαλόμοις
481 1196 591 1274 ψυχῆς
612 1193 805 1272 ἐπαγόμενος
825 1189 928 1275 λόπης
950 1191 1093 1274 σωροός,
1116 1188 1176 1274 ἐγώ
1197 1191 1232 1255 δὲ
1254 1184 1332 1253 οἴκοι
1354 1188 1408 1251 λε’-

302 1298 435 1371 λειμμαι
457 1292 569 1371 μόνος,
600 1290 779 1373 ἀνθρώπων
804 1296 864 1373 μὲν
893 1292 1004 1356 ου’δενί
1019 1290 1106 1379 μόνφ
1137 1292 1172 1355 dt
1201 1290 1407 1371 προσανέχειν
1419 1295 1452 1351 10

300 1392 367 1479 θεῷ
390 1384 466 1455 όοον
485 1388 625 1475 ἐφικτόν,
649 1391 694 1467 εἰς
714 1390 853 1473 ἐμαυτόν
866 1388 1032 1474 γενόμενος
1053 1384 1113 1476 ἤδη
1137 1389 1192 1455 καί
1210 1386 1291 1471 πρός
1314 1384 1409 1470 ἐκδη-

302 1491 363 1573 μόν
385 1513 457 1555 τινα
486 1489 541 1553 καί
569 1490 773 1575 ὑψηλοτέραν
808 1492 948 1573 θεωρίαν
969 1488 1170 1564 α’ναπετόσας
1197 1491 1253 1553 τοῦ
1281 1485 1339 1551 'sod
1370 1484 1405 1551 τό

302 1587 428 1671 πτερόν,
452 1587 508 1653 καί
526 1597 591 1663 τοῖς
620 1590 813 1673 ἀπορρήτοις
840 1594 902 1654 τοόν
933 1582 1032 1655 όντων
1059 1586 1269 1671 ἐνδιατρίβειν
1298 1585 1408 1669 α’φιείς

303 1690 338 1752 ἐν
358 1685 477 1774 γαλήνη
499 1693 566 1751 τινί
584 1694 744 1771 λογισμῶν
765 1686 821 1772 την
838 1687 992 1753 διάνοιαν.
1015 1690 1087 1753 ἐπεί
1107 1690 1142 1753 δέ
1163 1692 1217 1751 καί
1237 1689 1296 1749 τοῦ
1316 1681 1408 1755 ἐτους
1454 1760 1459 1779 Ι

302 1787 424 1855 ἐκείνου
452 1784 488 1849 τό
519 1794 667 1852 πλεῖστον
697 1783 759 1871 ἤδη
779 1791 916 1875 παρῄει,
946 1787 979 1855 ἐν
1001 1780 1025 1879 ᾧ
1045 1795 1171 1861 πολλοῖς
1205 1790 1267 1853 τῶν
1289 1782 1453 1864 itu-‘imi

301 1885 556 1970 increpitamus
570 1879 612 1951 αό
626 1890 823 1971 πειρασμῶν,
846 1887 893 1953 ἔτι
915 1892 944 1954 δ’
966 1884 1023 1954 οόν
1037 1893 1099 1955 τῶν
1121 1884 1234 1973 ἣκιστα
1248 1884 1409 1951 πεσόντων

300 1977 457 2072 ὤφθημεν
477 1986 532 2066 ξόν
552 2012 588 2071 γε
617 1992 703 2076 θεῷ,
733 1987 871 2073 ἐγνωμεν
902 1992 962 2056 νιιέιι
988 1995 1052 2057 τεόν
1084 1982 1145 2075 ἤδη
1168 1990 1409 2074 περιπταμένων
1498 2064 1500 2069 Α

299 2087 377 2171 ἡμῖν
395 2088 514 2170 όρνέιον
544 2088 600 2153 καί
628 2085 689 2177 όπη
718 2091 775 2154 τοῦ
806 2084 884 2174 ἦρος
917 2090 1024 2177 εἴημεν
1048 2094 1229 2177 τηνικαῦτα.
1287 2085 1324 2149 osi
1346 2083 1407 2167 γόρ

302 2184 475 2271 πεπνιγότα
505 2186 577 2253 τινόι
600 2188 655 2253 καί
677 2188 817 2274 δόσηχον
842 2193 969 2255 ἐδίδουν
1002 2189 1058 2255 τόν
1077 2188 1218 2275 φθόγγον
1239 2184 1409 2266 συνθλιβό-

172 2288 384 2370 ambusta
405 2279 520 2365 nucu
539 2287 579 2355 τό
605 2290 765 2376 φωνητικοό
788 2293 850 2355 seia
874 2288 1017 2374 όργόνων
1045 2290 1106 2355 tud
1127 2298 1186 2355 τοῦ
1208 2287 1324 2373 νρόυυς
1345 2285 1453 2357 cair-20

300 2397 383 2474 τοῖς,
409 2389 491 2454 ἄλλό
527 2389 582 2455 τόν
611 2394 794 2472 ἐλευθέριον
829 2386 889 2477 ἤδη
914 2392 1034 2475 τρόπον
1057 2381 1269 2473 ἐπανηγόριζέ
1291 2410 1325 2451 τε
1354 2386 1409 2449 καί

301 2488 403 2575 oded,
424 2488 478 2558 ναί
497 2492 551 2555 τόν
583 2492 665 2575 α’ἐρα
688 2488 907 2578 ὑπερεφώνει,
928 2491 984 2557 κατ’
1011 2492 1157 2577 περιήχει
1178 2488 1216 2557 τό
1239 2482 1331 2572 ἄλση,
1354 2490 1408 2551 ναί

297 2597 366 2665 τοῖς
388 2592 552 2675 δένδρεσιν
570 2588 790 2677 ἐπιπαθημενα
818 2591 898 2674 πρός
918 2589 1055 2674 ἅμιλλαν
1078 2594 1268 2679 ἐφθέγγοντο
1289 2589 1407 2669 about}

300 2688 431 2774 λιγυρόν
450 2712 483 2753 τι
504 2693 561 2757 καί
581 2682 699 2778 εόηχον
718 2696 774 2757 ναί
795 2685 862 2760 οἷον
878 2695 977 2759 εἰπεῖν
1010 2692 1215 2777 ἐναρμόνιον·
1256 2692 1313 2755 ναί
1334 2682 1407 2771 ἥδι-

529 2912 535 2940 λ

302 2968 392 3005 carum
416 2968 505 3007 rerum
529 2956 599 3007 ratio
624 2968 694 3023 quae
717 2956 752 3008 sit
782 2964 809 3008 et
824 2972 893 3024 quac
918 2956 1000 3009 fuerit
1018 2970 1125 3007 enarres
1157 2960 1184 3006 et
1203 2951 1282 3023 quale
1301 2950 1405 3019 rapacis

302 3023 377 3077 illius
396 3027 491 3092 synodi
510 3026 647 3079 decretum
667 3028 703 3080 sit
721 3028 792 3095 quod
811 3026 929 3092 Palamas
948 3030 1069 3097 agnovit.
1089 3035 1169 3095 atque
1187 3033 1217 3076 ut
1235 3026 1305 3092 piam
1324 3024 1401 3075 iidem

301 3096 395 3147 morbo
414 3098 522 3147 minime
540 3097 666 3150 laborare
685 3099 809 3150 ostendas
837 3115 870 3151 ex
894 3098 970 3151 libris
999 3099 1172 3149 incommodis
1189 3097 1243 3155 nisi
1263 3096 1351 3147 omnia
1372 3094 1405 3147 ad

301 3166 415 3218 nibilum
432 3170 607 3233 pervenerint
625 3177 713 3236 partes
738 3170 875 3239 digniores
897 3170 997 3221 electas
1022 3169 1101 3221 uobis
1127 3170 1225 3220 mittes.
1273 3167 1304 3219 ad
1325 3180 1403 3234 quern

302 3249 368 3288 vero
387 3236 466 3288 finem
486 3246 513 3289 tc
531 3253 585 3291 non
603 3241 730 3309 ignorare
752 3250 834 3308 puto;
861 3242 903 3293 sin
923 3256 1000 3304 vcro,
1019 3240 1167 3308 intelliges.
1191 3257 1193 3261 ’

403 3332 478 3395 Quae
496 3349 576 3401 quum
595 3334 702 3387 locutus
719 3336 1002 3405 essetdgathaugelus
1016 3336 1062 3389 via
1080 3351 1130 3403 qua
1147 3342 1310 3387 convenerat
1328 3332 1403 3398 abiit,

303 3401 420 3456 lacrimis
441 3412 469 3455 et
485 3406 594 3457 tristitia
611 3406 746 3473 impletus.
794 3423 845 3475 ego
865 3423 931 3460 vero
957 3408 1027 3463 domi
1049 3405 1160 3460 relictus
1184 3422 1250 3461 sum.
1288 3404 1404 3457 hominia

304 3473 410 3543 quidem
427 3474 524 3529 solatio
543 3478 663 3543 privatus
690 3493 762 3530 eram
789 3480 836 3531 sed
864 3494 918 3531 uon
939 3479 981 3531 dei
1001 3479 1033 3531 ad
1053 3494 1130 3546 quem
1158 3494 1200 3529 me
1215 3475 1404 3529 convertebam

302 3560 383 3614 quum
402 3547 434 3599 sd
452 3563 496 3602 ma
515 3548 601 3613 ipsum
617 3556 742 3615 quantum
756 3557 875 3615 poteram
893 3551 1008 3603 redirem
1028 3550 1101 3602 etad
1121 3548 1254 3603 insolitam
1274 3555 1300 3598 et
1319 3546 1404 3598 altio-

248 3656 261 3672 .
302 3632 358 3669 rom
378 3618 630 3685 contemplationem
649 3634 724 3671 mens
742 3636 801 3671 mea
821 3618 970 3687 advolaret,
989 3629 1015 3673 et
1033 3623 1060 3672 in
1081 3620 1226 3673 reconditis
1245 3618 1325 3669 rebus
1344 3632 1404 3669 curu
1452 3636 1454 3643 ·

301 3689 497 3755 tranquillitate
518 3690 628 3757 quadam
646 3691 728 3741 animi
748 3699 909 3743 versaretur.
952 3692 1065 3744 maxima
1085 3692 1154 3743 enim
1183 3705 1243 3757 pars
1264 3690 1321 3741 eius
1341 3687 1404 3738 anni

302 3772 355 3824 quo
380 3759 471 3813 multis
496 3760 738 3830 periclitationibus
763 3760 881 3813 e'xternis
908 3778 997 3831 neque
1024 3762 1110 3814 adhuc
1139 3760 1250 3813 sublatis
1268 3759 1403 3811 sollicita.

300 3827 394 3881 bamur
412 3840 550 3884 consumta
569 3833 649 3896 erat‚‘
674 3848 708 3885 cx
734 3832 830 3885 avibus
849 3848 918 3900 quae
937 3850 986 3886 nos
1015 3832 1244 3885 circumvolabant
1261 3830 1307 3881 ubi
1326 3829 1410 3901 verni

301 3901 430 3966 temporis
456 3918 574 3957 essemus
600 3904 785 3971 eognovimus.
832 3919 920 3971 neque
940 3906 1009 3957 enim
1029 3906 1121 3957 durum
1150 3912 1176 3955 et
1197 3902 1337 3954 absurdum
1355 3914 1403 3952 so.

300 3984 363 4024 num
383 3971 497 4026 edebant
514 3972 580 4025 illae
599 3974 712 4028 vocibus
731 3975 833 4042 frigore
853 3977 1015 4041 constrictis,
1032 3976 1079 4029 sed
1098 3975 1185 4028 libere
1205 3972 1404 4043 praedicabant,

299 4056 350 4111 per
367 4058 457 4098 aerem
483 4044 627 4111 sonabant,
657 4062 706 4114 per
736 4061 846 4113 nemora
873 4048 1016 4101 cantabant
1040 4056 1067 4101 et
1097 4046 1237 4099 arboribus
1255 4043 1404 4097 insidentes

299 4114 414 4177 vatibus
431 4117 518 4175 ιιοιιόι
537 4124 565 4177 st
592 4118 722 4177 suavibus
739 4126 873 4177 contentu
901 4120 1015 4201 quodam
1040 4118 1186 4178 certabant.
1223 4130 1277 4193 quo
1297 4114 1403 4173 cantico
