3017 4759
233 254 456 325 usnemun
483 236 1064 324 emmerammi-tt.
1148 238 1220 323 ott

223 418 410 483 Touitenos*
430 420 528 482 πλείω
551 415 630 498 πρὸς
647 414 770 492 τούτοις
798 417 889 499 ἕτερα
920 411 1101 481 δπειποάνδ
1128 418 1290 506 κολάς’,

122 517 352 601 Ἀχοθάχγελος
383 511 482 606 ᾤχετο
507 515 620 581 π’πιάν
650 516 724 599 περί
753 519 855 596 μέσας
891 538 953 579 που
972 514 1103 597 νύκτας,
1125 512 1223 596 αδθις

122 616 197 692 εοδς
217 617 389 702 ἡμετέρους
413 619 548 703 δημίους
569 618 680 681 λαθάν
696 622 751 682 καί
771 618 847 691 τούς
872 616 1042 701 θηριώδεις
1065 616 1223 704 φύλακας,

120 710 218 797 μόνον
238 720 295 798 ἐμὲ
317 716 552 791 καταλελοιπώς
575 723 615 803 τῇ
645 720 738 805 στενή
760 715 814 780 καί
835 718 921 803 δεινῇ
950 719 1099 801 συνήθως
1120 722 1221 806 ἐκείνη

94 821 225 906 5διαίτη
245 818 424 902 χράμενον.

214 915 312 1001 'Apu
334 921 370 983 dd
387 922 446 983 τοδ
476 922 537 999 μὲν
557 920 779 1004 Δἐφεστηκότος
810 918 962 1001 λήξαντος
988 916 1087 1000 ἐτους,
1107 922 1165 984 rori
1184 922 1222 984 dd

119 1015 190 1105 ἐξῆς
213 1020 465 1103 ἐνδημήσαντος,
487 1017 525 1084 τά
553 1017 721 1099 Ῥωμαίων
752 1016 856 1084 ἐνόσει
888 1021 944 1084 τοῦ
964 1017 1113 1095 εἰωθότος
1145 1018 1224 1086 ἐπέ·

120 1144 207 1185 κεινα
228 1117 401 1201 πράγματα
431 1118 485 1185 διά
506 1145 540 1186 τε
563 1119 631 1203 ’τήν
661 1121 816 1185 εἰωθυῖαν
838 1123 977 1203 Περσων
1008 1119 1220 1206 ἐπικράτειαν,

120 1220 160 1304 ἣν
188 1214 249 1305 ἤδη
278 1222 546 1306 Καντακουζηνοῦ
566 1216 772 1302 προδιδόντος
802 1211 879 1301 άχρι
902 1224 1012 1284 πυλοδν
1043 1221 1219 1304 ἐσχήκεσαν
1250 1248 1251 1253 ’

75 1345 110 1398 10
121 1322 315 1399 Βυζαντίων,
336 1320 379 1397 cic
401 1323 530 1397 οἰκείοις
560 1323 637 1395 τέως
657 1321 822 1404 χρώμενοί
840 1345 874 1385 τε
903 1321 957 1387 καί
978 1320 1218 1404 καταχρώμενοι
1245 1402 1257 1409 ..
1284 1326 1287 1332 '
1310 1386 1345 1399 Δ,

116 1418 162 1503 μή
185 1423 368 1504 πράγμασιν
389 1416 489 1486 ἅπασι
510 1424 626 1504 μόνον,
657 1420 736 1485 diod
770 1422 824 1486 καί
854 1431 1006 1504 γυναῖκας
1028 1426 1081 1487 καί
1100 1425 1220 1497 παῖδας
1329 1426 1332 1431 ’

71 1516 73 1520 ¹
116 1519 273 1603 α’νδράσιν
292 1520 375 1600 ὁμοῦ
397 1519 478 1604 πρὸς
496 1527 562 1587 πάν
583 1521 618 1585 εδ
648 1518 842 1603 βουλόμενον
873 1516 1001 1604 άγοντές
1024 1544 1057 1585 τε
1079 1521 1134 1585 καί
1159 1524 1220 1606 φέ.

116 1642 232 1700 ροντες,
258 1620 317 1682 criu
340 1618 402 1699 ἐξω
425 1620 547 1685 πόλεων
566 1620 610 1696 ὥς
642 1620 718 1702 πρίν
747 1624 947 1703 περιθέοντες
971 1645 1004 1685 τε
1037 1618 1091 1685 καί
1111 1646 1221 1702 παρα-

118 1724 254 1801 θέοντες,
276 1717 344 1784 οἰλλ’
365 1721 458 1785 ἐνδὸν
481 1718 541 1806 ήδη
566 1719 748 1802 ποιοάμενοι
778 1720 852 1798 τοδς
883 1722 1124 1807 συνοικισμοάς,
1146 1728 1219 1787 καθ’

74 1818 234 1900 mimicos
258 1820 313 1885 καί
332 1814 398 1887 οἰον
419 1822 473 1886 καί
504 1816 586 1886 ὅπου
622 1825 677 1887 καί
705 1820 760 1887 διε
787 1821 820 1886 τδ
843 1827 897 1907 τῆς
927 1826 1035 1916 ψυχῆς
1056 1822 1221 1906 άρεκτικδν

116 1920 282 1986 δπετίθετο
302 1926 415 2009 σφίσιν
437 1923 696 2008 ἐπιτροπεύοντες
711 1922 766 1987 καί
779 1927 974 1999 δεσποτικῶς
996 1921 1218 2001 ἐπιτάττοντες.

207 2016 292 2108 Ἤδη
320 2027 356 2087 dd
387 2028 446 2089 rori
468 2025 679 2109 φθινοποάρου
703 2024 872 2109 λήγοντος,
893 2028 972 2108 περί
988 2048 1049 2089 που
1071 2023 1109 2090 τά
1132 2028 1217 2107 μέσα
1227 2060 1281 2114 η

115 2127 190 2202 μιάς
210 2127 272 2187 τῶν
294 2129 416 2188 νυκτῶν
432 2124 512 2207 άκοή
527 2148 576 2200 τις
593 2127 753 2211 αἰφνίδιος
775 2125 808 2189 τά
826 2126 1003 2203 Βυζάντιον
1026 2119 1218 2209 περιήχησεν

3 2293 7 2297 ἡ
117 2219 213 2315 άπαν,
237 2218 320 2288 εἰναι
346 2226 472 2309 τείχους
503 2226 593 2301 ἐντὸς
629 2228 764 2306 βασιλέα
801 2224 1025 2307 Παλαιολάχον
1057 2223 1112 2289 τὸν
1136 2229 1216 2309 νέον,

71 2328 304 2407 ρρσυμμοχίας
341 2324 444 2411 πάσης
470 2324 656 2411 α’λλοφάλου
684 2328 784 2408 χωρίς
812 2320 986 2411 ἀφιγμένον
1003 2335 1160 2422 Ιτριταῖον
1182 2330 1218 2392 ἐκ

121 2426 255 2488 Τενέδου
279 2430 335 2508 τής
357 2424 467 2509 νήσου,
486 2426 623 2510 μηδενὸς
644 2428 839 2506 αἰσθομένου
860 2424 913 2489 τδν
933 2422 1102 2506 εἴσπλουν,
1125 2430 1218 2511 μεγί-

115 2546 208 2598 σταις
239 2528 299 2606 μὲν
328 2528 470 2611 τριήρεσι
503 2529 614 2609 δυοῖν,
643 2525 798 2610 μονήρεσι
826 2529 857 2591 δ’
886 2521 1052 2592 ἑκκαίδεκα
1084 2525 1138 2591 διά
1160 2531 1217 2591 τοῦ

116 2623 195 2707 πρδς
213 2624 256 2690 im
278 2632 404 2709 λιμένος
424 2632 480 2693 καί
498 2627 633 2712 νεωρίου
655 2627 874 2710 εἰσελάσαντα,
897 2618 942 2692 (δν
957 2627 995 2693 αἰ
1012 2629 1070 2707 μὲν
1090 2626 1215 2694 οἴκοθεν

215 2862 357 2933 Postquam
390 2864 457 2916 baec
483 2872 510 2916 et
533 2871 641 2932 praeter
657 2863 725 2917 baec
753 2863 830 2931 pluru
856 2864 939 2928 dixit,
959 2864 1084 2917 discessit
1101 2864 1215 2933 pulcher

115 2933 319 3003 ngatmngetm
343 2936 430 2987 medis
460 2936 518 2987 iere
535 2945 630 3000 nocte,
657 2935 755 2989 fullons
770 2934 877 2988 'iterum
893 2934 1000 3001 judices
1027 2944 1134 2987 nostros
1152 2952 1214 2988 sue.

116 3020 220 3075 vosque
239 3006 381 3069 custodes3
406 3022 449 3058 me
468 3006 554 3059 solum
572 3007 745 3077 relinquens,
762 3007 819 3077 vqui
837 3013 950 3074 augusta
979 3013 1006 3057 et
1024 3006 1138 3057 terribili
1159 3007 1215 3059 rita

114 3084 145 3129 ut
162 3092 269 3145 semper
286 3085 386 3130 uterer.

216 3173 300 3239 Quum
320 3182 407 3226 autem
425 3184 597 3242 praesentem·
620 3190 716 3227 annum
743 3172 893 3241 excipiebat
911 3174 1073 3242 insequens,
1095 3187 1139 3225 res
1157 3174 1215 3226 lio.

115 3259 250 3296 manorum
271 3246 341 3298 uitro
360 3249 577 3299 cousuetudinem
596 3245 771 3316 aegrotabant
790 3254 817 3296 et
840 3253 949 3313 propter
973 3252 1128 3296 consuetum
1148 3243 1216 3296 Per.

115 3331 200 3367 surum
220 3317 375 3383 imperium,
397 3318 467 3385 quod
490 3319 541 3369 iam
561 3334 610 3385 per
630 3317 845 3371 Oantacuneuum
863 3316 1033 3384 proditorem
1060 3316 1216 3368 obtinebant
1289 3337 1292 3347 v

113 3390 249 3455 usquead
268 3389 528 3455 portusBynantias,
546 3397 577 3441 ut
594 3389 709 3455 propriis
727 3396 834 3439 utentes
854 3396 880 3440 et
899 3388 1036 3440 abutentes
1055 3402 1109 3439 uon
1128 3387 1214 3438 solum
1256 3446 1259 3451 ³

114 3459 193 3511 rebus
213 3463 333 3525 cunctis,
362 3461 507 3512 sedetiam
526 3458 654 3515 mulieres
672 3467 699 3510 et
715 3459 831 3511 inientes
851 3474 902 3511 unu
920 3475 978 3510 cum
999 3459 1065 3510 viris
1083 3459 1116 3509 ad
1135 3457 1214 3526 quid..

114 3529 182 3581 iibet
201 3540 329 3598 cogentes
349 3539 376 3582 et
400 3532 544 3595 ducentes,
569 3545 623 3582 non
656 3539 730 3582 extra
759 3531 840 3582 urbes
863 3537 893 3582 ut
920 3526 998 3582 untes
1025 3536 1163 3580 curreutes
1188 3535 1215 3577 et

114 3607 378 3667 praetercurrentes,
397 3603 444 3654 sed
463 3606 535 3654 intus
562 3604 614 3653 iam
634 3602 753 3653 coioniae
771 3602 942 3653 instituentes
961 3607 1087 3669 quantum
1098 3608 1125 3649 et
1145 3613 1215 3666 quu-

114 3670 178 3721 iiter
197 3679 224 3722 et
247 3672 291 3724 ubi
310 3681 337 3724 et
362 3674 466 3744 quaudo
485 3675 586 3726 enimus
605 3674 734 3726 suadebat
752 3682 877 3741 regentes
895 3672 1094 3738 imperioseque
1114 3669 1215 3737 guber.

114 3748 219 3793 nantes,

129 3822 132 3829 ’
218 3828 335 3882 brumali
367 3839 486 3899 tempore
511 3834 562 3886 ianr
591 3835 730 3887 desinente
755 3834 843 3886 media
866 3830 1048 3899 noete‘fuma
1074 3830 1213 3881 subitanea

119 3902 278 3968 Byzantium
301 3902 505 3967 circumtonuit,
533 3907 601 3956 intra
626 3921 714 3958 muros
734 3907 841 3957 omniuo
860 3918 920 3954 esse
947 3902 1079 3954 iuniorem
1098 3900 1213 3953 Palaeo.

120 3972 223 4040 iogum,
245 3987 347 4038 regem,
367 3974 411 4039 qui
424 3974 531 4025 omniuo
550 3976 651 4027 auxilio
670 3976 762 4044 popuii
776 3974 879 4027 externi
897 3974 978 4025 tertio
993 3974 1036 4025 die
1056 3988 1089 4024 ex
1107 3971 1212 4024 Tenedo

118 4043 206 4095 insuia
224 4045 346 4095 venisset
366 4044 464 4095 itinere
482 4045 540 4111 ipso
559 4046 638 4111 plane
658 4046 774 4098 occuito.
812 4045 913 4096 duobus
931 4046 1083 4113 permagnis
1101 4040 1213 4093 biremi.

116 4114 168 4167 bus
186 4124 266 4183 utque
286 4115 408 4166 undecim
436 4116 598 4167 uuiremibus
623 4132 672 4183 per
694 4126 799 4185 portum
824 4116 889 4168 solis
909 4124 993 4167 ortum
1022 4128 1116 4166 versus
1134 4112 1213 4163 situm

119 4193 146 4240 et
165 4200 214 4256 per
232 4185 340 4240 naruiia
359 4194 454 4238 rectus
473 4193 529 4252 cst,
553 4200 662 4255 quarum
682 4190 788 4241 narium
814 4186 884 4239 aliae
902 4188 972 4239 domi
992 4191 1067 4238 erant
1087 4190 1212 4237 constru-

139 4299 145 4314 ‘
183 4284 348 4357 Νἰτιρίιοιιιε
369 4284 478 4357 (ἕτερον.
504 4282 559 4338 vot.
578 4282 632 4339 111.
1003 4280 1036 4334 16
1128 4361 1135 4376 ‚
