3017 4759
201 211 422 349 unuonrau
448 281 821 351 nrmmrnnnnxx.
846 269 1089 353 107-110.
1149 269 1219 348 341

123 443 222 519 είθδς
253 444 308 510 καί
334 448 508 513 ἀντίπαλον
545 451 601 531 τῆς
622 449 743 511 ἐκείνου
775 444 972 532 βλασφήμου
1005 446 1142 530 γλώττης
1170 447 1224 510 καί

125 546 406 630 ἀπεραντολογίας.
423 543 558 629 “ἔχομεν
577 548 613 612 δὲ
634 548 688 612 καί
706 544 762 631 τῆν
781 552 916 630 μίμησιν
937 547 982 620 εἰς
1001 545 1075 622 τούς
1099 542 1224 621 θείονς”
1234 551 1319 606 109

126 643 246 730 ἔφησεν
264 645 424 721 “ε’κει’νους
457 650 631 732 φωστῆρας
660 651 715 712 καί
734 647 946 722 διδασκάλους
966 652 1029 730 ζτῆς
1060 647 1225 730 ἐκκλησίας
1263 718 1266 730 Ι

126 745 322 831 ἀνενεγκεῖνς
336 751 402 812 κατ’
424 747 587 827 Εάνομιόυ
602 748 704 813 πάλαι
727 751 932 833 φερομένους.
977 751 1033 835 τῆς
1056 747 1117 830 γάρ
1141 749 1225 811 ε’κεί-
1302 823 1305 830 Ι

101 865 184 918 5νου
206 844 411 928 καταγνόντες
444 849 652 932 ἀναλγησίας,
678 853 844 922 Βαοίλειος
870 850 932 929 μὲν
954 847 970 913 δ
990 851 1089 931 μέγας
1106 847 1225 911 εἐοίκα-
1299 857 1311 902 Ξ
1333 843 1345 859 ’

126 946 194 1024 μεν’
216 947 297 1029 φησί
314 944 381 1010 ‘out
413 947 471 1031 τῆν
504 945 622 1030 πολλῆν
642 951 697 1030 τῆς
729 947 877 1027 ἀσεβείας
909 946 1073 1031 ε’νάργειαν
1095 948 1226 1027 ἀπορεῖν

126 1037 246 1128 λόγων,
268 1043 322 1108 καί
351 1047 408 1109 ου’κ
442 1044 528 1128 ἔχειν
549 1050 615 1121 nuic
635 1052 689 1130 τῆς
711 1049 839 1130 ἀλογίας
868 1049 973 1111 αὐτῶν
995 1044 1226 1126 καθαψάμεθα,

127 1140 208 1210 ἀοτε
229 1170 284 1227 μοι
309 1149 440 1212 δοκοῦσι’
462 1172 493 1211 τι
518 1150 695 1231 κερδαίνειν
718 1149 805 1230 παρά
832 1148 890 1232 τῆν
913 1141 1053 1230 ἀγνοιαν.
1100 1146 1142 1221 uic
1162 1145 1246 1227 γάρ-

128 1244 168 1309 τά
189 1248 316 1326 μαλακοὶ
339 1251 394 1312 καί
424 1245 587 1312 δπείκοντα
620 1251 683 1312 τῶν
706 1247 862 1328 σωμάτων
889 1253 933 1338 τῷ
963 1249 1007 1330 μῆ
1032 1245 1117 1329 ἔχειν
1134 1247 1225 1342 ἀντί·-

84 1371 118 1426 10
129 1370 231 1430 ρεισιν
254 1348 312 1411 ου’κ
334 1346 402 1413 ἔστι
423 1350 572 1431 γενναίαν
605 1347 662 1432 τῆν
690 1350 809 1432 πληγὴν
845 1352 1001 1430 ἐνεγκεῖν,
1027 1346 1125 1422 οὕτως
1149 1345 1224 1408 odoi

127 1444 188 1511 τοῖν
210 1449 375 1531 προδῆλοον
393 1450 438 1524 εἰς
454 1442 563 1528 α’νοιαν
579 1449 714 1512 δυνατὸν
738 1451 855 1537 ε’λέγχηι
872 1452 1001 1536 νεανικῷ
1022 1451 1223 1514 καθικέσθαι,

126 1552 263 1613 λείπεται
287 1543 344 1613 οὖν
366 1551 471 1636 σιοοπῆ
492 1547 525 1613 ro*
549 1546 721 1629 βδελυκτδν
743 1549 850 1612 αὐτῶν
872 1552 927 1632 τῆς
941 1549 1098 1627 -ἀσεβείας
1118 1569 1225 1628 παρα-

126 1649 279 1731 δραμείά.
321 1655 352 1715 Γ
351 1647 497 1736 ρργόριος
531 1651 560 1712 δ’
592 1642 727 1723 edisci
755 1654 951 1731 Νυσσοίιον,
974 1652 1038 1713 κατ’
1061 1649 1322 1728 Rutupinoue

87 1797 89 1801 -
127 1750 301 1834 φερόμενος
323 1753 380 1814 καί
407 1749 503 1825 αάτδς
528 1749 583 1814 καί
602 1748 658 1814 τδν
686 1749 785 1814 ου’τδν
814 1749 960 1839 τάδελφῷ
983 1747 1225 1832 σταδιοδρομῶν

82 1874 115 1927 15
127 1849 269 1933 διαδλον,
287 1850 404 1927 καλῶς
425 1845 465 1915 ἀν
487 1848 566 1934 ἕχοί
589 1848 672 1937 φησί
691 1852 808 1940 ισιοοπῆ
826 1854 949 1931 μᾶλλον
972 1849 1025 1916 τδν
1042 1849 1134 1931 λόγον
1153 1851 1224 1930 βδε-

125 1945 284 2028 rigarem
320 1955 376 2015 καί
403 1949 544 2034 βίσαντα
575 1951 613 2017 τά
638 1945 705 2017 ιδτο
729 1962 841 2039 φυγεῖν
869 1950 929 2016 ἀπὸ
950 1953 1046 2034 ἀκοῆς
1067 1947 1226 2033 πονηροῖς.’

126 2051 181 2114 ἐπί
205 2048 324 2128 τούτοις
350 2052 366 2116 δ
388 2049 540 2134 βασιλεύς
564 2075 596 2116 τε
620 2051 736 2138 ἀνέστη
768 2049 857 2116 xcii
882 2052 1030 2133 σύλλογος
1052 2054 1224 2115 διελέλυτο.
1306 2116 1336 2140 ,Ι

125 2153 158 2217 εἰ
176 2153 212 2216 dd
234 2151 290 2217 καί
309 2155 401 2238 ἕτερα
423 2153 522 2218 πλείω
541 2155 662 2234 μεταξδ
686 2158 864 2239 λαληθίντα
887 2150 973 2235 παρά
997 2154 1054 2215 τοῦ
1067 2152 1225 2229 Παλαμά,

100 2253 217 2335 ,σιγῆς
252 2251 441 2337 δπάρχοντα
473 2253 529 2317 καί
556 2256 595 2316 ου’
624 2255 751 2339 μνήμης
783 2254 925 2318 οὐδέποτ’
955 2251 1108 2332 οάδεμιάς
1140 2244 1225 2329 ἀξια,

82 2353 200 2440 ςοοιγῆ
222 2359 500 2441 παρεπίμφθησαν
521 2351 576 2418 καί
595 2349 695 2442 ταύτῃ
717 2358 756 2442 τῇ
777 2349 940 2440 διηγήσει,
960 2355 1140 2437 μεμφίσθοο
1160 2377 1225 2436 μη-

127 2453 211 2526 δείς·
259 2452 386 2536 περιττοὶ
427 2454 489 2537 γὰρ
519 2459 575 2520 καί
606 2456 766 2537 ε’πιβλαβῆ
797 2455 853 2518 καί
882 2455 1139 2537 συμπεφυρμένα
1171 2455 1227 2516 καί
1236 2465 1255 2519 i.
1266 2463 1348 2524 rsit.

124 2555 330 2637 βλασφημίας
358 2558 561 2640 παντοδαπῆς
591 2558 646 2619 καί
665 2557 807 2640 ποικίλης
843 2553 1024 2635 ἀνάμεοτα,
1046 2555 1167 2648 μᾶλλον
1189 2555 1224 2616 δὲ
1302 2583 1311 2626 ;

123 2653 226 2737 χείρω
247 2644 446 2721 παντάποσιν
476 2651 498 2740 ῆ
531 2659 665 2721 ναυτιᾶν
696 2647 781 2740 ὄντα,
803 2655 869 2720 οὐδ’
897 2656 991 2738 ἀκοῆς
1011 2655 1088 2738 γοῦν
1107 2656 1226 2736 μικροῖς

127 2999 218 3052 neque
238 2984 289 3035 iam
309 2975 384 3035 illius
405 2982 583 3051 ignorantiam
602 2984 764 3050 excitarent,
791 2983 849 3036 iore
874 2990 904 3034 ut
923 2982 1000 3034 etiam
1018 2980 1226 3036 beliumstatim

60 3062 85 3094 ἰ
128 3064 156 3108 et
174 3054 310 3121 oppositio
322 3054 404 3106 illius
418 3052 527 3121 linguae
546 3057 723 3110 conviciantis
738 3065 767 3108 et
782 3055 955 3124 loquacitatis
975 3053 1136 3105 desinerent.
1160 3068 1226 3120 pos.

128 3139 218 3179 sumus
238 3126 316 3175 etium
345 3126 521 3178 imitationem
544 3129 576 3180 ad
593 3129 719 3192 diuinos,
746 3128 842 3195 iuquit,
863 3131 1052 3194 praeceptores
1073 3133 1099 3175 et
1125 3124 1225 3176 lumina

130 3195 263 3249 ecclesiae
282 3195 385 3248 referre
406 3205 497 3248 contra
517 3199 675 3251 Eunomium
698 3197 874 3250 invehentes:
901 3210 959 3246 cum
990 3197 1059 3246 euim
1078 3195 1153 3246 iliius
1171 3197 1225 3246 im.

128 3268 280 3336 pudentiam
302 3275 516 3336 cognoscerent,
541 3269 657 3322 Basilius
686 3284 810 3337 magnus,
831 3269 967 3332 videmur,
993 3268 1094 3335 inquit,
1114 3274 1225 3334 Propter

128 3339 235 3391 multam
255 3339 398 3407 impietatis
417 3342 636 3408 perspicuitatem
651 3341 741 3392 verbis
762 3355 854 3393 cerere
871 3354 960 3407 neque
980 3337 1078 3390 habere
1091 3338 1223 3406 quomodo

128 3411 258 3461 insaniam
278 3424 369 3462 eorum
387 3418 535 3480 tangamus,
561 3414 599 3463 ita
617 3420 646 3463 ut
665 3412 779 3464 fructum
805 3426 901 3479 capere
920 3418 1027 3478 praeter
1048 3410 1224 3478 ignorantium

129 3480 194 3532 mihi
214 3482 364 3534 rideantur.
395 3492 424 3534 ut
442 3484 512 3535 enim
531 3483 624 3535 moiiia
642 3492 668 3534 et
686 3484 848 3536 remittentia
869 3497 995 3550 corpora,
1017 3482 1079 3550 quin
1097 3483 1225 3533 resistere
1249 3503 1254 3512 ·

129 3565 184 3602 uon
203 3560 334 3618 possunt,
359 3554 456 3606 iustum
485 3554 583 3608 vulnus
602 3557 727 3623 accipere
745 3561 899 3621 nequeunt,
928 3555 964 3604 ita
984 3568 1071 3620 neque
1090 3567 1136 3603 eos
1156 3564 1226 3617 quo-

130 3637 187 3673 rum
205 3622 357 3689 ignorantia
378 3633 418 3677 cst
437 3635 528 3694 aperta
547 3635 576 3679 ut
593 3633 750 3695 argumento
767 3625 869 3694 ingenti
883 3633 1021 3692 tangemus
1040 3622 1098 3674 iieri
1119 3628 1225 3688 potest,

130 3691 291 3761 relinquitur
308 3695 400 3763 igitur,
420 3705 450 3749 ut
466 3699 630 3766 impietatem
650 3714 741 3751 eorum
761 3698 878 3749 odiosam
899 3695 1007 3748 silentio
1028 3693 1226 3759 praetermitto.

129 3779 198 3816 raus.
236 3779 326 3816 rursus
344 3774 432 3818 autern
446 3769 591 3837 Gregorius
603 3770 739 3837 lipssaeus
756 3770 785 3820 in
798 3769 955 3821 Eunomium
973 3765 1105 3816 invehens
1123 3771 1149 3814 et
1167 3763 1226 3828 ipso

129 3835 254 3902 idemque
276 3851 334 3887 cum
355 3837 437 3890 fratre
456 3855 565 3892 currens
590 3843 722 3906 studium,
754 3841 894 3892 honestum
914 3843 971 3901 est,
989 3837 1096 3902 inquit,
1117 3833 1225 3887 silentio

131 3907 220 3975 potius
240 3920 376 3959 sermones
407 3910 496 3961 odisse
521 3918 548 3962 et
557 3912 671 3963 nuribus
696 3912 825 3964 obturetis
848 3909 1009 3960 auditionem
1036 3909 1158 3959 miseram
1181 3905 1225 3955 iu-

129 3992 205 4048 gere.
244 3975 361 4028 adhaec
383 3995 433 4031 rex
459 3983 606 4032 assurrexit
629 3991 655 4034 et
680 3989 828 4035 conventus
846 3979 935 4031 finitus
956 3986 1005 4030 est.
1051 3977 1145 4047 quodsi
1173 3975 1226 4025 alia

129 4062 239 4118 quoquc
261 4046 338 4113 plura
356 4057 496 4116 praeterea
512 4052 582 4102 dictu
600 4067 616 4104 a
634 4052 754 4119 Paiama,
774 4066 843 4120 quae
864 4050 973 4103 silentio
999 4050 1119 4102 subiecta
1137 4059 1226 4113 neque

130 4119 186 4172 uila
206 4133 321 4187 unquam
341 4121 470 4172 memoria
488 4122 569 4190 digna
587 4131 657 4188 sunt,
676 4127 754 4176 etiam
778 4123 931 4174 narratione
950 4121 1000 4172 hac
1018 4119 1125 4172 silentio
1145 4129 1225 4183 prae.

131 4191 429 4262 nominenumine
458 4191 510 4246 hoc
529 4194 725 4261 reprehendut3
744 4207 944 4264 supervacanea
968 4195 1035 4245 euim
1058 4198 1084 4243 et
1100 4189 1181 4242 noxia
1200 4193 1228 4240 et
