3017 4759
292 208 514 279 nrsroamn
543 159 802 272 erzanrrnsu
826 207 924 269 xxrr.
957 186 997 270 4.
1029 186 1102 269 5.·
1218 192 1242 267 9

192 310 197 337 i

142 395 226 454 μονα
241 372 355 459 κομιδῇ
378 373 434 434 καί
456 367 632 454 α’δόρυβον,
656 362 737 433 ἅττα
763 368 829 433 ποτ’
860 360 899 431 δν
922 364 1020 441 ου’τὸς
1041 366 1114 445 ε’μοί
1134 386 1244 449 προτι-

144 477 237 539 θέναι
257 472 386 555 βούλοιο
408 463 452 536 ὧν
475 470 492 555 ἦ
515 466 623 554 μακροί
646 493 697 537 σοι
718 472 863 554 περίοδος
887 467 1062 562 Ιἐχαρίσατο
1083 471 1140 551 γῆς
1159 462 1245 548 δμοιῖ

143 576 200 639 καί
218 571 400 656 θαλάσσης·
423 573 517 637 ου’δὲν
539 572 600 656 γὰρ
623 566 723 647 οδτως
742 572 929 656 ειίφραίνειν
943 561 1025 634 οἶδεν
1047 569 1163 633 ου’δὲνα
1183 568 1245 633 τῶν
1312 595 1316 601 ’

145 674 279 756 πάντων,
300 675 447 757 καθάπερ
471 677 575 739 ἐκεῖνα
596 672 673 759 πρὸς
694 696 727 738 το
758 666 924 758 φιλητικὸν
953 674 1009 754 τῆς
1030 672 1139 753 ψυχῆς
1161 667 1246 733 οίιιο-

117 779 202 851 5θέν
223 798 257 840 τε
280 777 339 839 καίι
362 773 489 861 φύσεως
503 772 558 857 τήν
582 770 684 859 ῥοπὴν
706 776 875 856 ἐκτήσατο·
920 768 1072 855 δημόσιον
1094 767 1154 855 γάρ
1173 794 1245 834 τινα

143 878 285 961 βάσανον
305 868 361 941 τίν
383 877 489 964 κόσμῳ
511 882 576 950 τοῖς
599 877 677 939 πᾶσι
707 877 894 959 προκεῖσθαι
915 875 1037 956 γίνεται
1060 868 1245 956 πράγματα,

143 972 291 1060 καθάπερ
311 975 416 1053 εἴδους
447 967 521 1041 ἄνευ
548 972 626 1060 δλην
644 973 677 1039 τδ
702 976 880 1055 αιίτόνομον
907 976 964 1056 τῆς
985 977 1047 1037 τιόν
1067 970 1260 1056 ἀνθρώπων,
1296 964 1305 975 “

146 1080 320 1151 διαθέσεως
341 1078 620 1160 προκαλουμένων,
643 1069 709 1141 οἷόν
723 1099 793 1139 τινα
816 1074 1012 1158 δημιουργὸν
1029 1075 1083 1137 καί
1103 1075 1247 1156 τεχνίτην

86 1170 89 1179 ’
145 1176 226 1261 πρὸς
247 1178 303 1262 τήν
326 1180 424 1262 αδεης
444 1178 638 1259 εἰδοαοίησιν
662 1178 716 1241 καί
733 1176 877 1261 μορφήν,
910 1163 962 1239 ἵνα
986 1176 1023 1259 δὴ
1046 1165 1106 1239 τοῦ
1124 1177 1248 1256 βελτίσ-

98 1292 197 1353 1θνος
218 1273 317 1363 ἢτοῦ
336 1281 480 1363 χείρονος
503 1285 565 1365 σχῇ
595 1275 652 1362 την
674 1276 879 1358 ἐπωνυμίαν,
912 1280 965 1341 καί
984 1277 1090 1361 ’πάσης
1116 1278 1247 1361 βροντης

142 1376 438 1465 μεγαλοφωνότεροι
457 1381 512 1463 τῆς
532 1384 595 1445 τιδν
616 1369 789 1464 χρωμένων
809 1383 958 1462 γίνωνται
981 1379 1114 1461 κήρυκες
1136 1376 1248 1441 διαδί-

144 1503 225 1555 σεως
244 1476 379 1545 αὐτόθεν
401 1478 440 1545 τοὶ
458 1483 641 1563 πράγματα.
687 1482 792 1562 εἰμὲν
813 1471 869 1545 οδν
893 1484 947 1544 καί
969 1474 1076 1553 ἄλλοις
1097 1476 1146 1561 εἴη
1168 1477 1248 1558 πρὸς

144 1582 264 1662 τρόπου
286 1578 322 1645 rei
345 1584 400 1664 τῆς
419 1582 573 1666 ἡμετέρας
593 1584 684 1661 ἕξεως
702 1582 808 1665 τῆσδε,
830 1584 942 1647 εἰδεῖεν
965 1574 1004 1645 δν
1027 1579 1059 1644 οῗ
1077 1580 1157 1654 τινές
1178 1580 1249 1641 ποτ’

145 1673 196 1764 ἄρ’
222 1676 284 1747 εἶεν
304 1684 434 1746 ἐκεῖνον·
478 1684 508 1745 εἰ
528 1686 556 1744 δ’
579 1676 655 1762 orio,
685 1684 751 1746 ἀλλ’
781 1679 888 1764 ἔμοιγε
918 1680 973 1745 καί
992 1682 1121 1766 σφόδρα
1140 1682 1176 1762 ye'
1198 1700 1252 1747 τοι

98 1796 134 1848 15
144 1780 224 1847 κατὰ
247 1781 374 1867 γνώμην
390 1781 491 1847 δτιόσα
510 1788 565 1867 τῆς
587 1785 716 1849 τοιοῖσδε
737 1780 910 1867 μαθήσεως
933 1781 1049 1865 ἔχεται.

247 1882 316 1949 Καί
328 1886 388 1965 μὲν
401 1885 436 1969 δη
455 1888 555 1950 ταῦτα
572 1883 739 1964 διεξιόντος
759 1888 851 1966 ἐμοῦ,
867 1882 975 1950 τοιάδε
990 1886 1130 1957 κοῒκεῖνος
1145 1881 1282 1967 ἄρξετ’-6

144 2009 238 2068 μενος
263 1984 388 2073 διεξῄει.
439 1986 540 2052 πάντα
562 1989 621 2066 μὲν
642 1986 782 2069 χαλεπὸν
805 1981 845 2051 δν
866 1984 931 2069 εἴη,
953 1991 1042 2071 φησί,
1064 1986 1247 2069 διηγεῖσθαι
1274 2062 1283 2071 ³
1353 2060 1358 2067 ,

146 2091 219 2152 καθ’
242 2090 372 2152 ἕκαστον
392 2083 435 2163 ιδς
457 2086 531 2171 ἔσχε
553 2086 653 2168 τοῖμοὶ·
680 2089 722 2163 ὥς
743 2088 773 2151 δ’
788 2081 845 2152 orio
867 2092 900 2153 ε’ν
919 2085 1081 2174 κεφαλαίηι
1100 2087 1248 2162 διεξιέναι

144 2184 183 2252 τὰ
198 2192 305 2269 πλείω,
329 2192 423 2254 τοῦτο
441 2191 468 2253 δ’
483 2188 541 2252 οὐκ
564 2182 601 2253 ἄν
615 2190 680 2252 ποτ’
698 2185 951 2272 ιίιιαγορείσαιμ’
966 2184 1071 2264 αδτίς,
1093 2185 1136 2261 ὥς
1157 2184 1245 2264 μάλα

96 2282 182 2355 todo
202 2290 295 2355 ου’δὲν
320 2288 464 2372 ἐργῶδες.
522 2283 618 2355 οἶσθα
639 2289 720 2373 μοῖρ’,
745 2286 831 2372 εἴπερ
855 2312 900 2363 τις
922 2286 1086 2371 ἁπάντων,
1109 2287 1150 2350 δι’
1172 2277 1246 2369 ὅσης

145 2388 207 2471 ίγοδ
231 2393 286 2473 τῆς
309 2392 448 2475 ἐφέσεως
473 2384 549 2474 ἦγον
570 2389 669 2454 ιιολιίν
692 2415 764 2455 τινα
790 2390 891 2453 σοι’λαι
909 2390 1021 2474 χρόνον
1041 2390 1176 2471 ταυτησί
1194 2389 1246 2469 τῆς

146 2493 224 2575 ἐμῆς
244 2488 378 2575 ἔνδημος
391 2497 579 2577 γεγενῆσθαι
593 2493 755 2578 πατρίδος,
776 2491 916 2576 ἱστορίας
930 2515 962 2557 τε
982 2482 1072 2556 ἓνεκα
1093 2484 1246 2574 ιιραγμοί-

146 2757 309 2825 evertitque.
346 2756 462 2811 libenter
481 2774 547 2811 vero
567 2760 689 2828 equidem
707 2774 779 2813 nune
797 2775 875 2831 quam
892 2761 1006 2813 maxime
1025 2761 1107 2813 otium
1126 2759 1247 2812 omnibus

97 2853 101 2859 ·
145 2829 263 2897 negotiis
285 2834 365 2896 atque
383 2830 467 2882 turbis
483 2847 596 2883 vaenum
617 2848 700 2900 agens
717 2848 751 2884 ex
763 2841 791 2885 te
809 2833 966 2896 audiverim,
989 2848 1164 2906 quaecunque
1182 2832 1247 2883 mihi

99 2906 101 2919 '
145 2901 250 2952 referre
272 2900 342 2952 velis
364 2901 397 2953 de
423 2901 502 2955 rebus
517 2919 627 2971 quarum
652 2906 835 2973 cognitionem
853 2904 901 2955 tibi
913 2904 995 2971 longa
1013 2903 1062 2955 illa
1081 2912 1170 2955 terrae
1187 2919 1246 2955 ma.

146 2973 237 3039 risque
257 2973 440 3039 peregrinatio
456 2976 644 3041 suppeditavit.
682 2976 750 3026 nihil
767 2977 837 3027 enim
856 2991 1013 3044 quemqnam
1032 2982 1104 3026 tanta
1123 2974 1245 3025 oblecta.

146 3045 221 3094 tione
242 3042 351 3094 afficere
369 3053 460 3111 potest
479 3062 556 3114 quam
580 3042 649 3099 isiae
668 3063 730 3111 τοι,
761 3062 829 3114 qnae
847 3062 895 3097 sua
914 3054 1009 3113 sponte
1029 3048 1062 3098 'et
1083 3052 1177 3112 suapte
1195 3060 1246 3096 na.

146 3114 256 3177 turned
277 3115 357 3165 animi
377 3118 462 3168 nostri
492 3118 651 3170 desidorium
678 3117 808 3169 inclinant
832 3125 912 3185 atque
940 3118 1116 3184 propendent.
1153 3130 1245 3169 ornnes

147 3185 218 3236 enim
235 3187 326 3237 resin
345 3188 441 3239 mundo
469 3188 578 3254 publico
599 3190 701 3241 cuidam
730 3192 846 3241 omniurn
868 3191 983 3240 examini
1004 3188 1141 3241 subiectae
1160 3188 1246 3239 veluti

146 3257 267 3308 iniorrnis
292 3260 417 3311 materies
442 3275 515 3312 suam
540 3262 743 3327 dispositionem
766 3261 799 3312 ab
824 3262 982 3321 anctoritate
1010 3260 1124 3311 hominis
1143 3266 1245 3327 petunt,

145 3336 176 3378 ut
194 3327 226 3377 ab
253 3342 285 3378 eo
312 3336 436 3397 tanquam
461 3332 563 3384 artifice
587 3340 667 3400 atque
693 3332 791 3399 opifice
812 3333 897 3400 figura
921 3340 1002 3400 atque
1030 3333 1114 3383 forma
1139 3332 1247 3382 indutae

145 3400 266 3451 melioris
288 3399 333 3451 vel
352 3399 479 3453 deteriori
492 3405 664 3472 seognominn
684 3406 826 3471 accipiant,
849 3405 931 3455 etita
949 3404 1061 3456 vocibus
1081 3404 1153 3454 omni
1172 3404 1247 3453 toni.

145 3478 188 3521 tru
210 3469 368 3523 clarioribus
388 3473 588 3540 dispositionem
608 3474 742 3527 hominum
772 3485 896 3543 tanquam
915 3491 1062 3542 praecones
1082 3474 1245 3542 praedicent.

146 3542 168 3595 si
190 3542 267 3593 etiam
287 3542 334 3593 alii
355 3545 465 3597 eundem
478 3563 555 3614 quam
573 3563 622 3599 nos
642 3547 837 3614 amplectuntur
857 3549 1026 3610 sententiam,
1046 3562 1089 3597 res
1108 3544 1177 3597 tales
1196 3559 1247 3595 σο.

145 3620 295 3679 gnoscere,
317 3615 471 3685 quicunque
489 3618 530 3669 iili
550 3626 626 3671 sunt:
645 3620 687 3669 sin
705 3620 808 3684 minus,
835 3618 945 3671 etmihi
965 3618 1071 3686 quidem
1089 3632 1166 3685 quem
1188 3632 1247 3667 rna.

146 3685 217 3747 xime
236 3698 268 3735 ex
288 3686 368 3738 animi
396 3692 530 3741 sententia
554 3698 629 3753 sunt,
650 3706 718 3759 quae
746 3692 779 3743 nd
798 3691 927 3743 eiusmodi
949 3705 1037 3741 rerum
1064 3689 1246 3758 cognitionem

52 3794 60 3807 .
165 3757 289 3807 ertinent.

144 3772 161 3823 p
211 3850 216 3859 ·
249 3828 324 3892 Quod
348 3846 428 3898 quum
454 3845 505 3898 ego
524 3832 666 3899 dixissem,
693 3835 771 3885 etiam
797 3806 905 3884 ilie⁸rta
933 3847 1043 3884 exorsus
1064 3840 1112 3883 est.
1149 3833 1248 3895 omnin,

143 3900 239 3967 inquit,
259 3899 308 3951 tibi
328 3914 463 3967 enarrare,
483 3906 615 3973 quomodo
635 3907 752 3974 quidque
771 3920 891 3957 meorum
911 3920 972 3957 sese
986 3903 1118 3966 habuerit,
1138 3903 1249 3953 diiiiciie

144 3979 203 4035 σοις
223 3972 343 4023 breviter
372 3982 459 4053 autem
485 3975 599 4042 piurima
629 3979 829 4045 perstringere,
859 3977 885 4028 id
909 3977 1015 4044 quidem
1040 3983 1068 4026 ut
1095 3989 1149 4026 non
1171 3973 1260 4025 valde*

144 4058 287 4109 operosum
315 4058 369 4097 non
393 4046 605 4113 abnegaverim,
630 4057 657 4101 tu
678 4050 757 4115 enirn,
776 4052 798 4101 si
819 4047 979 4118 quisalius,
1000 4046 1044 4100 vel
1065 4047 1178 4098 maxime
1197 4044 1250 4094 seis
1322 4088 1327 4091 .

145 4122 243 4184 quante
264 4130 315 4189 ego
336 4118 417 4173 animi
439 4116 576 4174 voluntate
598 4138 631 4175 ex
651 4122 700 4174 hae
720 4137 779 4173 mea
797 4120 883 4188 patrie
900 4119 974 4172 abne
993 4121 1101 4187 longum
1120 4115 1249 4184 quondam
