3017 4759
342 255 418 340 tas
491 255 531 266 ”
660 266 901 338 morsuum-
917 264 1152 342 orsaorsa

342 440 456 500 aanor
479 433 629 517 ἀπονέμει
650 433 706 498 καί
726 432 846 499 τέλειον
864 434 920 498 καί
943 430 1117 516 ἡγούμενον
1138 428 1248 498 εἴτουν
1262 425 1454 513 όπερκειλιε-

342 559 405 612 νον,
426 538 467 622 τῇ
486 537 521 600 δὲ
544 529 734 623 δευτέρρ’τά
756 534 891 618 μετέχον
903 534 960 597 καέ
978 525 1192 614 μετεχόμενον
1206 532 1355 596 καὶτοῦ
1376 530 1454 615 πρό

292 646 295 656 “
342 659 398 701 του
421 635 686 722 καταδεέστερον,
720 635 777 700 καί
800 633 867 717 ἀμα
888 634 987 717 μέσον
1010 633 1140 709 ἀτελοῦς
1162 633 1221 696 καέ
1241 630 1405 706 τελείου,
1424 634 1455 714 τῇ

344 736 379 800 δὲ
398 736 487 821 τρίτῃ
505 735 543 799 τό
560 758 594 800 τε
622 735 729 811 ἀτελὲς
757 728 813 800 καὶ
848 733 982 817 μετέχον
999 733 1076 816 μέν,
1108 732 1148 796 οά
1165 733 1399 815 μετεχόμενον
1419 730 1454 794 δὲ.

275 852 280 864 ’
341 833 494 900 σκεπτέον
516 829 572 899 οάν
593 835 648 899 καί
667 833 754 911 ὅπως
775 833 957 920 συμφώνως
978 825 1160 919 έκεινφκαέ
1181 837 1370 916 Παλαμάς
1389 828 1467 900 dnus

342 935 476 1000 διπλοῦν
509 933 563 1000 τόν
588 935 730 1022 Χριστὸν
762 935 823 999 κάκ
853 933 960 1018 μόνων
996 936 1087 998 δυοῖν
1120 934 1274 1020 φόσεων,
1308 933 1453 1017 θεότητος

342 1036 424 1120 λέγω
445 1037 501 1102 καὶ
523 1036 776 1122 ἀνθρωπότητος,
798 1038 966 1113 σύνθετον,
989 1036 1035 1112 εἰς
1056 1038 1212 1122 τριπλοῦν
1235 1034 1346 1111 αὐτός
1368 1034 1452 1098 αάτάι

341 1136 422 1201 κατὰ
443 1135 478 1202 τό
505 1137 675 1222 Θαβοέρὶον
694 1138 900 1222 ἐδογμάτισεν
911 1133 997 1222 ,ὄρος
1015 1137 1313 1219 μεταπεπλάσθαι·
1361 1136 1451 1218 μέσφ’
1476 1148 1477 1157 ’

341 1234 403 1322 μὰρ
441 1232 538 1320 ἀλλην
568 1232 711 1302 οἴκτιστον
742 1234 958 1322 παρεμβολῶν
988 1237 1141 1322 θεότητα,
1175 1234 1212 1300 τό
1245 1240 1328 1322 φῶς
1351 1239 1449 1310 έκεῖνο,
1476 1280 1477 1301 ι

215 1334 514 1424 λλλόαόφειμένην
540 1335 672 1421 ἐκήρυξε
703 1337 759 1401 καί
791 1335 885 1412 αάτός
911 1340 995 1403 κατὰ
1014 1337 1167 1421 Πρόκλον
1194 1341 1391 1421 κεκτῆσθαι
1408 1334 1477 1418 riri?

341 1437 430 1516 τάξιν
449 1433 568 1520 μεταξό
588 1439 709 1504 τελείου
731 1438 788 1503 καί
810 1438 947 1515 ἀτελοῦς,
968 1438 1024 1502 καί
1040 1437 1173 1520 μετέχον
1192 1439 1253 1501 καί
1270 1438 1448 1520 μετεχόμε

279 1554 397 1608 lovon
413 1533 503 1602 εἶναι.
556 1539 612 1604 aad
644 1538 736 1625 τόγε
763 1541 946 1622 εἰθισμένον
968 1538 1055 1625 αὐτῷ
1083 1545 1288 1603 πλεονεκτεῖν
1309 1539 1448 1621 πανταχῇ
1476 1546 1477 1567 ³

342 1649 408 1718 τοῖς
436 1648 565 1718 κακοῖς,
598 1640 780 1725 προσέθηκε
813 1640 979 1705 κάνταῦθα
1018 1641 1075 1705 καί
1109 1638 1205 1716 αότός
1241 1638 1385 1706 οἴκοθεν
1415 1641 1448 1722 uf
1476 1634 1477 1657 δ

344 1743 478 1806 ἀκτιλττω
507 1741 563 1807 καὶ
598 1741 734 1826 ἀνουσίφ
765 1740 801 1806 τό
830 1739 965 1826 όρατόν,
995 1743 1096 1807 ταῦτα
1129 1738 1169 1824 δὴ
1187 1739 1230 1806 τὰ
1256 1739 1449 1823 ἀξόμβλιμα.

343 1843 401 1909 καί
423 1841 479 1904 οὐκ
503 1843 640 1908 αἰδεῖται
657 1845 867 1928 συκοφαντῶν
889 1845 944 1910 καί
964 1844 1116 1930 μα’ρτυρα
1139 1841 1305 1928 παράγων
1326 1840 1387 1908 τόν
1407 1864 1467 1916 ουρ

346 1941 490 2029 φιάτατον
526 1944 644 2008 ἐκεῖνον
676 1945 731 2008 καί
763 1948 853 2008 θεῖον
877 1945 1034 2028 Μάξιμον
1064 1952 1130 2020 τοῖς
1151 1945 1335 2028 βρεφικοῖς
1367 1940 1449 2004 αὑτοῦ

344 2048 547 2126 protropum
567 2041 622 2107 καί
642 2044 849 2130 βλασφήμοις
870 2046 1153 2130 παραληρήμασιν.
1196 2042 1279 2108 οὐδὲ
1301 2041 1373 2127 γὰρ
1395 2041 1450 2104 ott·

326 2143 444 2208 ,έκεῖνο
482 2146 616 2228 συνῆκεν
654 2146 774 2219 ἐκείνου
812 2144 955 2230 λέγοντος
995 2141 1109 2223 αὖθις,
1144 2142 1187 2220 ὥς
1221 2143 1363 2210 πάντων
1402 2145 1450 2206 mir

298 2242 301 2248 ’
343 2239 443 2308 όντων
485 2246 541 2308 noi
572 2246 770 2326 μετεχόντων
807 2247 863 2312 καί
898 2250 1061 2337 panemo?
1099 2245 1272 2331 ἀπειράκις
1319 2247 1451 2326 ἀπείροις

343 2339 579 2430 ἀπερεξήρητοι
616 2343 634 2408 ό
667 2346 787 2422 θεός·
813 2349 842 2411 εἰ
881 2348 944 2433 γὰρ
980 2345 1016 2412 τό
1048 2345 1203 2430 μεθεκτάν
1236 2347 1349 2410 έκεῖνο
1395 2343 1476 2432 pus

342 2442 399 2527 τὴν
430 2444 526 2529 αὐτὴν
551 2449 598 2533 τῷ
617 2449 782 2529 μετέχοντι
802 2451 890 2527 τόξιν
918 2449 1005 2530 ἔχει,
1030 2449 1090 2514 ’καί
1118 2449 1295 2533 ἀπειράκις
1319 2449 1451 2531 ἀπείριο,Ι

276 2555 285 2594 ΐ
343 2541 475 2628 ἀφεῖται
505 2543 559 2613 τόν
596 2547 691 2613 αὐτόν
717 2557 784 2625 τοῖς
813 2552 965 2633 κτισμασι
993 2551 1126 2637 τρόπον,
1158 2549 1252 2614 ἔσται
1277 2546 1351 2635 ἀρα
1376 2552 1450 2613 δυοῖν

341 2645 498 2731 θάτερον·
527 2642 549 2731 ἢ
566 2645 628 2732 μάρ
649 2650 766 2732 κτίσμα
782 2652 838 2715 καί
864 2651 941 2717 αι’τὸ
960 2656 1042 2718 κατὰ
1060 2649 1175 2717 ταάτόν
1190 2658 1259 2726 τοῖς
1281 2651 1448 2734 μετέχουσι

343 2888 386 2940 nit
411 2885 537 2955 ordines,
566 2905 679 2960 quorum
703 2893 788 2960 primo
817 2895 1017 2962 particeptibiia
1040 2896 1161 2948 vindicat
1187 2903 1216 2947 et
1242 2894 1407 2948 absolutam
1430 2903 1448 2946 rt

344 2959 511 3027 principale,
534 2960 562 3014 id
586 2970 627 3014 est
650 2963 820 3030 subiectum,
853 2969 970 3018 secundo
996 2968 1024 3019 id
1058 2969 1128 3035 quod
1157 2968 1306 3034 participat
1337 2975 1369 3019 et
1391 2965 1448 3034 quoi

345 3033 521 3097 participatur
549 3041 575 3085 et
602 3037 693 3102 priore
718 3037 804 3087 miuus
828 3037 977 3090 absolutum
1007 3047 1035 3091 et
1052 3041 1166 3091 medium
1193 3038 1276 3090 simui
1306 3040 1383 3090 inter
1406 3053 1448 3090 aot

345 3101 496 3154 absolutum
520 3113 554 3173 ¹ct
579 3105 746 3172 absolutum,
775 3109 854 3160 tertio
885 3123 938 3160 nou
971 3109 1120 3161 absolutum
1149 3117 1176 3162 ct
1200 3110 1227 3161 id
1254 3110 1333 3176 quod
1374 3113 1448 3178 parti-

346 3173 417 3238 cipat
449 3182 476 3224 et
510 3176 579 3241 quod
613 3180 806 3246 participatur,
843 3181 984 3232 videndum
1024 3184 1103 3232 etiarn
1131 3190 1193 3244 est,
1223 3181 1369 3249 quomodo
1402 3196 1448 3232 cun

343 3242 394 3293 iiio
441 3248 612 3298 consenticus
643 3248 763 3300 Paiamas
797 3251 931 3318 duplicem
964 3252 1098 3307 Christum
1138 3269 1172 3304 ex
1206 3252 1315 3303 duabus
1359 3261 1448 3305 tantun

343 3315 465 3378 naturis,
491 3315 598 3368 deitatis
626 3327 653 3370 et
679 3320 866 3388 humanitatis,
894 3325 1068 3390 compositum
1095 3326 1123 3375 in
1148 3323 1285 3389 triplicem
1312 3324 1342 3376 in
1371 3332 1448 3375 morte

343 3383 448 3438 Thabor
483 3387 644 3441 immutatum
672 3392 802 3444 docuerit.
855 3393 933 3446 eiiam
966 3396 1035 3446 euim
1068 3397 1181 3447 mediam
1207 3395 1367 3446 increatam
1399 3397 1448 3446 dei·

343 3462 423 3510 tatem
445 3457 631 3524 interpositam
661 3463 727 3513 dixit
754 3465 898 3516 secuudum
915 3465 1037 3517 Paccium
1063 3467 1151 3518 iocum
1173 3465 1280 3516 trabere
1307 3468 1385 3518 iuter
1409 3466 1448 3516 ait-

346 3527 461 3580 aoiutum
480 3538 507 3580 et
524 3545 578 3581 nou
599 3532 797 3586 absolutum-ct
813 3552 873 3587 esse
891 3539 918 3588 id
938 3538 1008 3605 quod
1038 3539 1180 3604 participat
1198 3545 1226 3588 et
1243 3538 1322 3603 quod
1343 3539 1448 3604 partici-
1474 3550 1475 3553 ¹

324 3607 431 3666 'patna
471 3608 497 3651 ct
517 3617 567 3668 qun
585 3603 684 3670 ubique
708 3608 842 3672 pravitate
859 3608 994 3659 abundare
1012 3608 1137 3674 sciebat,
1163 3609 1263 3660 ibidem
1283 3610 1414 3660 increato
1429 3615 1448 3658 tt

345 3671 513 3726 inessentiaii
534 3673 642 3726 visibile
661 3676 770 3728 addidit.
808 3679 875 3730 irase
895 3694 961 3731 vero
980 3681 1099 3732 conferri
1118 3688 1311 3746 neuportum,
1332 3695 1390 3732 nec
1409 3693 1448 3730 ra·

345 3749 429 3805 ratur,
448 3759 482 3795 ue
502 3744 577 3796 iaicis
596 3749 871 3815 argumentationibus
889 3759 985 3802 testem
1004 3751 1080 3802 iiium
1107 3759 1134 3803 et
1151 3752 1271 3804 diuinum
1298 3760 1328 3802 et
1346 3753 1448 3819 sapies-

345 3812 476 3865 tissimum
504 3817 641 3868 niaximum
671 3819 770 3885 puerili
799 3837 921 3874 sermone
946 3830 974 3872 ct
1004 3822 1228 3889 blasphemiarum
1249 3823 1372 3888 ineptiis
1397 3835 1448 3874 uara

345 3894 485 3950 coarguat.
532 3903 582 3939 uec
608 3891 677 3941 enim
706 3890 843 3945 iuteiiexit
868 3892 943 3946 iiiios
971 3895 1135 3958 orationem,
1163 3909 1244 3960 supra
1273 3896 1447 3961 omniaque

347 3956 510 4023 participant
537 3966 563 4008 st
588 3975 656 4028 quae
686 3963 880 4030 participantur
899 3982 960 4016 essa
984 3967 1011 4017 in
1030 3967 1162 4018 infinitum
1181 3965 1282 4016 etatum
1305 3967 1398 4018 deum.
1431 3965 1449 4015 ti

347 4028 417 4078 onim
442 4030 601 4094 participata
626 4032 675 4084 iila
698 4033 877 4086 tuxeurdem
905 4051 965 4088 cum
996 4038 1166 4104 participanti
1184 4037 1311 4088 ordinem
1332 4037 1450 4090 habetet

344 4097 372 4148 in
393 4099 524 4154 infinitum
552 4103 637 4155 eidem
656 4120 714 4156 curu
735 4107 866 4163 creaturis
884 4109 982 4160 rationi
1000 4109 1122 4160 subiecta
1141 4115 1198 4172 ast,
1223 4108 1273 4160 fiet
1299 4125 1336 4161 ex
1355 4109 1450 4162 duabu

341 4167 469 4265 starum.
515 4187 577 4227 autu
599 4182 647 4230 aut
674 4185 792 4234 creatura
820 4178 891 4235 idam
923 4195 955 4233 ac
974 4180 1161 4248 participantia
1180 4194 1283 4248 opera,
1302 4187 1351 4237 ιιι
1370 4181 1451 4234 onais
