3017 4759
271 210 343 292 ιιο
446 229 452 237 ’
571 190 801 291 πιοτοιιοιιι
825 196 1054 285 enncomn

270 377 530 464 ἁμαρτάνοντας,
554 380 676 469 pagella
702 382 731 447 δ’
759 372 817 444 σύν
846 380 878 455 ἐς
895 380 1056 461 προῦπτον
1085 374 1278 457 πάσχοντας,
1297 372 1370 459 μήτ’

272 483 405 565 enemo
431 480 511 564 μήτε
543 489 758 565 μνασιμαχείν
779 478 812 555 ἒς
837 488 995 561 πλεῖστον,
1019 473 1099 541 attat
1132 480 1175 565 cpi
1196 476 1287 565 μόνρι
1307 478 1372 563 θεῷ

270 585 497 667 παραπέμπειν
519 577 580 666 τήν
603 583 730 667 κρίσιν,
758 583 802 669 τῷ
826 578 884 657 τός
911 579 1038 665 πρύτας
1060 579 1165 654 αἰτίας
1187 577 1371 661 predonum

269 670 324 766 τῆς
343 682 401 759 τός
424 685 545 758 ἐννοίας
574 684 709 767 ἐχούσης
729 684 838 767 ψυχῆς
859 681 934 766 περί
958 683 1039 747 θεοῦ
1061 704 1095 745 τε
1118 679 1252 743 καὶτῶν
1273 679 1372 741 θείαν

235 796 242 805 “
271 779 438 865 δοχμύτοον
459 783 544 864 πύνυ
565 808 596 849 τι
625 781 809 867 σφαλερός,
831 784 886 848 καί
913 775 1012 865 ἥκιστ’
1035 783 1067 855 ἐς
1089 786 1234 843 πλεῖστον
1256 779 1395 859 drapo-d

266 883 352 972 μόνῳ
376 882 433 968 τήν
462 885 526 949 τόν
544 886 697 952 πλείστων
728 886 762 949 όν
784 879 907 957 τούτοις
929 882 1096 947 καλύπτειν
1118 875 1224 964 σιγήν,
1254 882 1316 945 τόν
1336 901 1369 942 τι

268 978 374 1050 ἄλλων
406 988 461 1050 καί
491 978 559 1051 ὅσοι
589 994 655 1061 τοῖς
685 988 899 1059 τἰιισκοπιτοῑς
924 983 1124 1066 όνιδρύονται
1154 977 1307 1063 θρόνοις,
1341 977 1373 1043 οῗ
1482 1011 1490 1033 ·-

268 1086 471 1153 συνευδοκεῖν
492 1081 595 1149 exorat*
608 1094 679 1162 ταῖς
693 1088 810 1169 α’ρχαῑς
831 1084 887 1149 καί
910 1086 1069 1162 ἐξουσίαις
1089 1082 1148 1147 ούκ
1162 1082 1288 1147 όννούσι
1311 1083 1368 1145 τού

269 1188 424 1271 παρόντος
445 1188 571 1264 οιίόνος,
594 1189 639 1274 πῇ
656 1188 717 1268 μὲν
734 1185 872 1268 ματαίας
894 1186 983 1250 ἓνεκα
1006 1184 1097 1269 δόξης
1117 1187 1173 1249 καί
1191 1184 1303 1267 τύχης,
1326 1182 1371 1269 πῇ

203 1288 304 1358 «udi
328 1290 529 1373 προσναίροον
552 1287 626 1353 οἴων
648 1286 686 1371 δὴ
709 1292 804 1353 τινοῖν
826 1286 945 1373 φόβαν.
1001 1280 1123 1363 ἑκόντες
1144 1282 1204 1367 peip
1229 1280 1370 1367 ἑκάτεροι
1381 1292 1416 1355 10

268 1390 306 1459 τό
326 1385 469 1474 μέγιστα
482 1390 679 1458 λανθάνουσι
699 1388 893 1471 βλάπτοντες
923 1389 1008 1475 κοινῇ
1028 1412 1060 1452 τε
1083 1386 1138 1451 καί
1156 1388 1228 1450 καθ’
1251 1382 1371 1451 ἕκαστα

268 1486 412 1575 ἑαυτούς,
433 1496 491 1579 τῆς
512 1492 643 1560 αιύνιόυ
666 1490 759 1575 δόξης
789 1488 847 1574 τὴν
872 1486 1000 1557 atdraus
1023 1487 1252 1569 α’λλαττόμινοι
1273 1487 1373 1551 κόλα-

268 1615 330 1657 σιν.
373 1582 393 1675 ἦ
416 1589 479 1676 peip
501 1585 543 1659 όν
563 1591 714 1670 καθάπαξ
735 1583 884 1671 ἅπαντες,
906 1580 927 1672 ἢ
949 1584 984 1653 τό
1004 1613 1039 1673 με
1061 1585 1207 1673 δεύτερον
1230 1586 1260 1652 οἱ
1282 1590 1372 1653 πλεί-

268 1690 434 1775 augente
456 1695 513 1775 τῆς
532 1695 668 1776 πατρίου
689 1693 821 1769 πίστεως
845 1692 877 1768 ἐς
893 1688 971 1771 μιάν
990 1688 1162 1773 α’θλητικὴν
1184 1689 1373 1771 σαραταξό-
1450 1761 1460 1782 Ι

266 1815 358 1873 μενοι
378 1790 528 1876 po'lcyyo
550 1794 640 1860 δυοῖν
660 1816 695 1857 τι
719 1794 782 1859 τοῖν
811 1795 983 1857 καλλίστοιν
1013 1788 1204 1874 ἐτύγχανον,
1226 1790 1281 1853 καί
1302 1782 1370 1869 ύμσ
1382 1802 1416 1855 15

267 1895 359 1959 δυοῖν
378 1896 440 1956 τῶν
467 1897 624 1959 conamur
652 1892 831 1975 όπιίχοντο.
882 1893 938 1978 τήν
959 1916 994 1957 τι
1023 1890 1085 1978 γὰρ
1117 1888 1241 1957 ἑαυτῶν
1269 1882 1372 1955 όίδιον

268 1993 465 2075 ἐκαρποῦντο
485 1994 664 2078 euticam,
688 1991 743 2057 καί
763 1992 831 2074 ἅμα
853 1991 1064 2074 τὸνβασιλέα
1082 1994 1242 2077 μυκόριον
1261 1989 1373 2075 ἔδρων,

270 2102 335 2169 τοῖς
367 2092 511 2177 πατρίοις
542 2097 706 2170 πείθοντες
736 2088 825 2178 όροις
854 2091 1001 2175 ἐμμένειν
1025 2093 1081 2158 καί
1100 2096 1246 2177 δόγμασι.
1289 2096 1372 2179 pendi

267 2194 330 2282 μόρ
351 2196 526 2277 δυνάμενος
546 2193 696 2275 καθόπαξ
720 2191 839 2263 ύπασιν
852 2188 951 2270 αύτός
963 2183 1200 2277 όνθίστασθαι,
1223 2193 1278 2259 καί
1290 2188 1374 2257 όκιον

265 2299 344 2381 νοῦν
364 2303 429 2370 τοῖς
456 2298 512 2380 τῆς
532 2295 758 2382 όμοφρρσύνης
784 2296 949 2378 σύσιβέσιν
974 2288 1063 2381 όρσις
1089 2298 1300 2378 συνηλσύνετ’
1324 2286 1417 2378 tinto

267 2396 354 2463 καθὰ
376 2395 431 2461 καί
451 2396 609 2474 πλείστοις
629 2392 738 2471 ἄλλοις
754 2397 880 2483 ἀλλαχῇ
896 2398 1040 2485 πολλαχῇ
1061 2398 1289 2478 συμπεπτωκός
1305 2398 1372 2461 κατ’

267 2490 373 2568 diter
395 2490 511 2575 ἄλλους
533 2496 610 2572 τούς
630 2494 785 2583 χρόνους,
808 2500 864 2563 νύν
883 2501 943 2581 μὲν
966 2494 1060 2574 ἐνίοις
1083 2500 1234 2582 ἐνιαχοῦ,
1255 2500 1313 2565 νύν
1328 2498 1372 2564 'dt

272 2768 342 2817 tunt.
388 2776 463 2826 narn,
496 2761 567 2831 quod
590 2764 661 2815 omni
692 2778 725 2815 ex
754 2770 831 2830 parto
855 2780 947 2817 rerum
968 2772 1022 2829 est,
1053 2764 1103 2817 deo
1129 2763 1180 2817 soli
1209 2770 1373 2817 reservatur.

239 2854 246 2860 ·
272 2849 355 2903 quam
376 2849 454 2903 quum
472 2830 580 2899 multos,
596 2849 752 2905 quamquem
772 2834 859 2902 palam
877 2851 932 2887 non
943 2851 1037 2903 magna
1054 2836 1154 2887 delicta
1173 2837 1371 2901 commiserunt,

207 2935 211 2942 ·
235 2926 241 2929 ·
268 2905 373 2975 magnis
390 2913 479 2958 maren
498 2904 577 2957 malis
593 2905 681 2973 palam
700 2905 772 2958 aidci
791 2907 882 2973 rides,
911 2922 965 2959 non
984 2910 1062 2975 inops
1082 2905 1189 2959 consilii
1212 2923 1273 2959 esse
1291 2906 1373 2960 debes

187 3004 190 3011 ·
270 2976 317 3030 vel
337 2977 505 3030 dubitatione
515 2984 652 3042 aestuare,
670 2979 719 3031 sed
737 2976 791 3030 soli
809 2978 860 3029 deo
880 2981 1034 3045 permittere
1052 2978 1254 3047 iudicium,‘qul
1274 2980 1373 3047 primas

269 3062 363 3101 cautas
385 3050 465 3100 enimi
483 3048 595 3101 lubricis
613 3049 752 3102 admodum
772 3048 868 3102 dedeo
887 3051 1037 3118 divinisque
1051 3050 1181 3119 dogmatis
1201 3050 1372 3117 opinionibus

269 3120 364 3171 imbuti
382 3122 523 3187 cognoscit
533 3136 622 3188 neque
634 3121 806 3187 plurimorum
818 3121 851 3172 de
866 3122 940 3173 hisce
951 3122 1029 3173 rebus
1041 3121 1176 3173 silentium
1188 3123 1232 3173 diu
1244 3122 1373 3189 obtegere
1432 3147 1438 3161 ι

196 3201 213 3224 ’κ
270 3192 384 3243 sustinet
394 3190 596 3258 quumaliorum
608 3200 662 3244 tum
674 3206 775 3255 eorum,
798 3194 843 3259 qui
864 3194 891 3244 in
909 3192 1057 3261 episcopali
1076 3193 1139 3244 sede
1151 3194 1286 3244 constituti
1302 3193 1372 3244 ultro

268 3266 330 3312 cun
345 3261 543 3328 magistratibus
563 3272 591 3314 ot
610 3262 789 3328 potestatibus
816 3263 892 3315 lanius
919 3264 1021 3315 saeculi
1049 3265 1150 3315 sentire
1168 3278 1222 3315 non
1243 3262 1373 3328 dubitant,

270 3347 321 3399 qua
347 3347 417 3383 vaca
443 3330 531 3400 gloria
563 3341 590 3383 et
617 3333 741 3396 fortuna,
772 3348 823 3399 qua
854 3334 992 3387 timoribus
1021 3334 1175 3402 quibusdum
1205 3335 1373 3401 temporariis

270 3402 352 3455 ducti.
389 3417 437 3455 sua
455 3399 525 3453 euim
543 3411 640 3471 oporto
660 3406 768 3472 utrique
786 3404 837 3455 sihi
856 3414 883 3455 et
901 3407 1047 3457 universim
1067 3414 1094 3458 et
1111 3404 1265 3475 singulatim
1285 3407 1373 3457 velie.

269 3482 374 3529 mentor
393 3470 446 3527 sibi
463 3482 572 3538 nocent,
593 3490 672 3542 quum
690 3482 826 3527 aeternam
846 3476 958 3545 gloriam
987 3494 1046 3529 eum
1066 3486 1176 3531 aeterua
1195 3478 1373 3546 castigatione

270 3552 442 3602 commutent.
460 3560 523 3597 uam
538 3546 661 3613 prolecto
678 3546 701 3598 si
720 3546 753 3605 ad
772 3562 851 3598 unum
875 3560 965 3599 omnes
981 3548 1027 3601 vel
1047 3551 1131 3601 maior
1145 3548 1239 3602 saltem
1261 3564 1322 3617 pars
1341 3547 1375 3599 ad

269 3618 380 3686 patriam
399 3616 477 3671 iidem
497 3616 687 3669 defendendam
706 3617 829 3669 adunam
848 3620 924 3687 quasi
943 3619 1097 3672 athleticam
1119 3621 1203 3671 aciem
1224 3626 1373 3673 sese'eon.

270 3689 424 3756 iungerent,
444 3688 509 3741 duas
542 3704 586 3739 res
606 3704 705 3755 easque
730 3690 843 3755 optimas
871 3692 1090 3744 nanciscerentur
1111 3689 1244 3759 simulque
1272 3691 1374 3745 duabus

269 3760 357 3825 iisque
376 3760 504 3827 pessimis
524 3760 715 3821 'abstinerent3
733 3760 786 3813 sibi
806 3761 875 3811 enim
895 3762 1082 3828 sempiternam
1108 3761 1221 3817 salutem
1239 3770 1374 3830 parerent,

269 3830 459 3895 imperatorem
484 3838 550 3884 vero
577 3830 684 3882 beatum
707 3829 844 3896 lacerent,
873 3833 897 3886 si
917 3834 942 3883 ei
960 3834 1160 3900 persuaderent,
1181 3841 1211 3886 ut
1229 3836 1257 3887 in
1277 3834 1374 3890 linibus

268 3892 349 3969 atque
367 3900 502 3967 dogmatis
521 3917 536 3952 a
557 3892 677 3967 patribus
703 3903 854 3955 constitutis
883 3914 1061 3969 permaneret.
1105 3921 1186 3974 quum
1210 3907 1280 3957 enim
1299 3904 1374 3957 solus
1411 3964 1413 3971 y

256 3969 391 4023 ¹omnibus
411 3973 539 4023 resistere
558 3988 612 4024 non
631 3981 732 4039 posset,
751 3971 798 4025 vel
817 3974 917 4027 invitus
946 3977 1015 4030 intra
1034 3977 1194 4031 concordiae
1210 3977 1277 4031 ines
1299 3990 1375 4027 com-

268 4041 430 4110 pelleretur,
453 4042 479 4095 id
499 4044 570 4112 quod
587 4042 771 4110 compluribus
796 4044 857 4099 aliis
878 4045 931 4100 alio
955 4051 1059 4101 ratione
1077 4048 1193 4114 aliisque
1209 4047 1376 4115 temporibus

267 4113 367 4179 accidit
386 4121 534 4189 attractum
551 4114 693 4170 nonnullis
704 4112 847 4183 interdum,
866 4125 921 4173 tum
939 4118 1191 4191 plurinomina
1208 4120 1243 4175 od
1260 4118 1376 4179 taluam
