3017 4759
180 258 402 328 umuomuu
432 256 692 327 naumurum
711 259 852 324 xxxin.
873 236 1060 326 td-li.
1116 243 1193 325 loo
1246 273 1249 279 ·

150 481 153 488 .
193 423 340 507 Δύομέν
372 420 411 508 δὴ
441 421 557 498 ταύτας
586 419 760 506 ἠνέγκαμεν
792 427 863 497 ταῖς
891 418 982 502 ὑμῶν
1015 415 1257 498 ἅντιθέοεσιῃ

91 526 201 600 λύσεις
219 523 273 588 διὰ
293 523 454 610 βραχέων,
477 523 525 608 εἴη
548 526 575 588 δ’
600 520 638 588 du
659 521 714 588 καί
734 523 843 608 τρίτη,
863 517 885 606 ἦ
914 519 1005 606 παρὰ
1024 517 1080 603 τὴν
1101 517 1194 597 λέξιν,

92 627 176 712 λέγω
201 624 239 710 δὴ
261 625 318 711 τὴν
342 624 395 706 ὥς,
416 627 657 712 μονοσύλλαβον
677 626 737 712 μὲν
760 619 870 703 οὖσαν,
893 621 1069 708 ὁμώνυμον»
1086 622 1121 685 δὲ
1142 618 1196 683 κοί

93 725 178 791 κατὰ
204 730 330 792 πολλῶν
362 728 532 814 λεγομένην
564 726 815 813 σημαινομένων.
869 715 914 790 ὧν
945 721 986 788 τὰ
1017 725 1077 806 μὲν
1098 722 1198 788 πλείω

66 835 353 914 ὁγραμματισταῖς
394 826 663 915 παραπεμπτέον,
700 820 746 905 οἷς
777 825 1045 914 προυργιαίτερον
1074 824 1197 890 τουτοί·

94 926 173 1014 ἡμῖν
197 932 226 993 δ’
251 928 379 1018 ἀπόχρη
401 928 482 995 κατὰ
501 929 573 1007 τούς
593 933 657 995 τοῖν
678 932 778 996 θείων
791 929 931 994 ἐνταῦθα
951 928 1095 1015 γραφῶν.
1108 923 1198 991 ἐκδέ-

91 1035 217 1112 χεσθαι
238 1023 411 1118 ἑρμηνέας,
433 1033 510 1096 ποτὲ
534 1031 595 1115 μὲν
617 1029 661 1108 οἷς
680 1027 893 1116 βεβαιωτοιὴν
922 1027 1045 1115 δηλαδὴ
1066 1027 1123 1092 καί
1142 1028 1199 1112 τῆς

94 1130 305 1217 ὖποκειμένης
327 1134 448 1209 έννοίας
470 1133 617 1199 ἐπίτασιν
639 1132 789 1214 ἔχουσαν,
812 1132 889 1198 ποτὲ
910 1134 941 1196 d'
963 1130 1007 1206 ὥς
1029 1127 1197 1213 ὅμοιωμα·

97 1231 188 1318 τικὴν
210 1227 231 1317 ἢ
255 1232 455 1319 διστακτικὴν
477 1233 532 1298 καί
554 1232 591 1297 οὗ
611 1234 701 1318 μάλα
718 1233 1011 1321 ἀναμφισβήτητον.
1053 1221 1098 1296 ὧν
1118 1227 1263 1308 ὕπο-ῃ

50 1353 86 1406 10
99 1334 240 1419 δείγματ’
266 1330 304 1400 ίέν
326 1333 374 1420 εἴη
402 1337 489 1400 ταῦτ’
523 1336 557 1398 ἐκ
587 1336 764 1422 προχείρου
792 1335 1000 1421 παραστάντα
1020 1335 1062 1419 τῇ
1081 1331 1201 1419 μνήμη,

95 1438 152 1520 τῆς
172 1437 232 1520 μὲν
261 1438 473 1519 βεβαιωτικῆς
504 1437 561 1502 καί
580 1438 636 1519 τῆς
667 1433 877 1520 ὑποκειμένης
900 1435 1047 1500 ἐπίτασιν
1067 1433 1203 1517 ἐχούσης

97 1537 221 1614 ἑννοίας
240 1534 276 1602 τὸ
297 1533 529 1621 “έθεασοίμεθα
559 1535 616 1622 τὴν
647 1535 741 1614 δόξαν
764 1535 861 1600 αὐτοῦ
890 1537 985 1613 δόξαν
1007 1532 1050 1611 αἶς
1070 1558 1202 1621 μονογε-
1244 1549 1247 1554 “

96 1639 171 1714 νοῦς
192 1635 284 1724 παρὰ
304 1637 451 1724 naenig?
474 1639 507 1703 έν
523 1639 622 1724 σαρκί
635 1637 694 1720 μὲν
716 1635 938 1723 κεκρυμμένην
955 1636 1108 1720 δηλονότι,
1133 1636 1200 1730 ἀλλ’
1269 1649 1278 1665 “

98 1737 142 1815 ὥς
163 1741 211 1827 τῷ
225 1735 290 1805 irco
301 1741 491 1824 μονογενοῦς
508 1740 564 1804 καί
580 1740 701 1825 κυρίως
721 1735 796 1802 οἱοῦ
807 1737 864 1804 καί
876 1737 971 1823 λόγου
992 1739 1048 1801 τοῦ
1058 1739 1137 1802 θεοῦ
1149 1736 1204 1802 διὰ

49 1859 86 1912 15
95 1843 161 1906 τῶν
182 1841 376 1927 παραδόξων
398 1838 501 1926 ἔργων
516 1839 730 1927 φαινομένου·
753 1841 810 1924 τῆς
825 1842 854 1904 δ’
869 1831 980 1925 ἑτέρας
1000 1836 1036 1903 vl
1053 1836 1203 1922 “έλαμφε

97 1941 133 2007 τὸ
157 1941 331 2028 πρόσωπον
353 1939 452 2006 αὐτοῦ
465 1937 541 2016 ωςό
563 1938 681 2025 ἣλιος·”
694 1941 835 2006 ἐνταῦθα
846 1938 909 2026 γὰρ
923 1937 1107 2023 ὁμοιώσεως
1127 1938 1204 2019 έοχε
1302 1965 1311 1981 =
1338 1981 1342 1998 .

97 2045 226 2129 τρόπον,
249 2044 305 2108 καί
326 2043 363 2106 οὐ
384 2043 473 2127 μάλα
496 2041 777 2130 ἀναμφισβήτητον
798 2040 929 2126 ἔμεινεν,
946 2039 1014 2105 οὐδ’.
1030 2039 1118 2117 έκτὸς
1139 2065 1203 2104 πα-

100 2145 292 2230 ραλλάξεως.
350 2142 460 2210 ὁποῖόν
481 2145 549 2210 ἐστι
579 2143 635 2208 καί
665 2143 701 2222 τὰ
723 2145 907 2230 προβληθὲν
938 2144 973 2208 έν
1003 2145 1050 2230 τῷ
1071 2143 1270 2228 παρόντες.

99 2246 191 2310 θείου
213 2249 390 2314 Διονυσίου
412 2244 516 2333 ῥητόν,
540 2243 583 2321 οἷς
603 2243 680 2321 τοὺς
696 2244 847 2331 μαθητὰς
869 2245 903 2310 έν
925 2245 1027 2332 ἐκείνη
1049 2247 1092 2332 τῇ
1113 2248 1203 2321 deso·

51 2346 174 2432 posdtp
198 2347 341 2433 λέγοντος
368 2345 638 2435 μεταμορφωσει·
691 2344 863 2432 ὁμοιότητα
890 2344 953 2433 γὰρ
983 2348 1123 2412 ἐνταῦθα
1148 2346 1228 2410 καί·
1255 2359 1265 2403 2'

100 2445 138 2509 οὐ
159 2448 335 2534 ταυτότητα
358 2448 564 2534 σημαίνοιτο
589 2447 687 2536 ῥῆμα,
710 2448 766 2514 καί
794 2447 1039 2534 ἀπωραλλαξίαν
1060 2445 1147 2528 ἔχειν
1168 2444 1206 2510 οὗ

101 2548 250 2614 δύναται·
295 2545 449 2636 οὔτεγὰρ
473 2547 607 2637 ὄμοφυᾶ
627 2552 722 2618 ταυτί
744 2544 818 2615 οὔθ’
841 2546 977 2637 ὁμογενῆ
1000 2543 1073 2615 οὔθ’
1096 2546 1204 2633 ὁμοει-

101 2650 159 2734 δῆ·
205 2649 317 2728 οὐσίας
342 2651 484 2739 μὲνγὰρ
514 2648 772 2740 isuardum-ri
800 2656 829 2718 δ’
851 2649 998 2741 ὅμοιίτης
1024 2651 1333 2739 pommeranos.

217 2961 289 3015 Duas
320 2962 404 3030 igitur
434 2960 593 3029 protulimus
628 2964 827 3032 oppositionum
853 2969 1001 3017 vestrarum
1026 2963 1204 3022 refutationes
1300 2948 1307 2972 ¹

99 3035 193 3104 paucis
213 3033 316 3097 verbio,
336 3032 416 3084 tertia
435 3047 506 3084 nnnc
527 3043 568 3087 eot
582 3051 653 3104 quaa
671 3038 791 3104 pertinet
808 3036 841 3088 ad
860 3034 1025 3100 lectionem,
1050 3035 1112 3087 dico
1135 3035 1204 3087 illud

101 3107 139 3167 ὥς
165 3104 382 3172 monosyllabum
409 3105 531 3174 quidem,
555 3107 602 3158 sed
625 3109 770 3174 ancipitem
799 3115 827 3158 et
852 3105 943 3158 multis
967 3122 1026 3158 oum
1049 3106 1205 3158 notionibus

101 3178 281 3230 coniunctum.
321 3176 437 3242 Quarum
457 3175 587 3245 pleraque
606 3179 750 3230 tradendae
775 3186 837 3230 snnt
854 3178 1033 3246 grammaticis
1057 3186 1087 3230 ut
1110 3177 1204 3248 quibus

100 3249 152 3301 hae
171 3249 203 3300 ad
221 3263 277 3300 rem
296 3247 388 3299 iacere
406 3247 556 3300 videantur.
581 3250 659 3300 nobie
671 3251 736 3302 satis
757 3257 798 3301 ost
812 3250 844 3301 ad
854 3251 1003 3302 divinarum
1014 3251 1204 3318 scripturarum

101 3322 262 3386 interpreter
288 3334 440 3372 recurrere.
483 3320 563 3370 modo
589 3321 658 3372 enim
688 3321 860 3373 confirmandi
884 3323 939 3374 rim
965 3321 1045 3373 babet
1069 3331 1096 3374 et
1111 3322 1206 3373 notio.

101 3405 161 3443 nem
180 3406 250 3458 quae
268 3391 361 3444 subest
379 3390 569 3458 amplificandi.
615 3393 693 3443 modo
721 3391 922 3444 similitudinem
947 3401 994 3445 aut
1012 3393 1205 3445 dubitationem

102 3463 235 3529 signidoat
251 3470 278 3513 et
295 3462 321 3513 id
342 3461 412 3530 quod
427 3462 564 3513 admodum
587 3463 717 3518 incertum
738 3472 787 3515 est.
826 3479 937 3532 quorum
950 3466 1072 3532 exempla
1092 3465 1205 3516 boneia
1266 3511 1271 3515 .

102 3543 225 3600 promptu
244 3541 322 3597 sunt;
341 3533 386 3584 ubi
405 3533 579 3585 confirmandi
598 3535 652 3586 vim
671 3543 717 3587 aut
743 3537 862 3597 potionis
884 3551 954 3606 quae
975 3537 1068 3588 subest
1087 3535 1205 3602 amplili.

103 3605 202 3656 candae
223 3604 321 3656 habeta
341 3605 473 3670 „vidimus
492 3604 606 3673 gloriam
620 3607 688 3670 eius,
708 3605 822 3674 gloriam
838 3608 916 3677 quusi
935 3608 1067 3675 unigeniti
1086 3614 1204 3672 spelte,
1271 3653 1278 3664 ,

101 3675 129 3727 iu
147 3691 227 3726 carue
255 3675 363 3727 seilicet
393 3675 551 3727 occultatam
577 3677 624 3728 sed
650 3681 725 3746 quasi
750 3694 781 3729 re
808 3693 873 3730 rora
891 3679 1024 3746 unigeniti
1055 3685 1082 3728 et
1103 3677 1204 3744 proprii

102 3745 150 3799 lilii
180 3755 207 3798 et
232 3745 308 3798 verbi
340 3746 383 3798 dei
409 3761 459 3814 por
474 3747 606 3798 mirabilia
633 3748 703 3800 iacta
729 3749 890 3801 declarati.”
932 3748 1049 3799 notionis
1077 3748 1203 3800 alterinsr

102 3817 278 3884 „splendebat
297 3818 381 3868 facies
401 3819 459 3869 eius
478 3820 548 3870 sieut
566 3818 637 3871 sol.”
675 3821 721 3872 ubi
739 3819 924 3874 similitudinis
950 3819 1080 3871 rationem
1098 3820 1205 3887 recepit

101 3903 151 3941 neo
180 3887 260 3940 valde
286 3889 416 3939 incertum
447 3896 504 3940 erat
533 3903 585 3940 noo
614 3898 689 3942 extra
719 3888 837 3943 errorord
857 3888 937 3958 quale
966 3888 1007 3942 esi
1027 3893 1105 3942 etiam
1124 3899 1204 3944 antea

103 3958 234 4028 prolatum
254 3960 309 4012 divi
323 3960 447 4025 Dionysii
460 3959 573 4011 verbum
587 3959 664 4026 illud,
683 3963 728 4014 ubi
748 3963 829 4014 dicit:
848 3971 991 4031 „tanquam
1008 3963 1156 4030 discipulos
1175 3963 1204 4013 in

17 4059 20 4074 .
102 4033 192 4084 diviua
210 4030 259 4082 illa
277 4030 543 4097 transfiguratione.”
580 4032 781 4086 similitudinem
808 4034 879 4083 enim
897 4035 1008 4098 ibidem,
1028 4049 1082 4086 non
1102 4035 1203 4085 identi-

101 4109 180 4155 tatem
198 4103 334 4172 siguidoat
352 4101 420 4154 haee
438 4114 492 4154 uox
509 4117 561 4154 uae
581 4117 699 4156 errorem
718 4105 822 4156 inferro
840 4113 939 4172 potest.
976 4105 1043 4158 baso
1064 4107 1133 4157 enim
1152 4119 1205 4156 neo

103 4176 220 4229 eiusdem
248 4182 360 4227 naturae
389 4189 441 4226 neo
473 4175 584 4243 generis
607 4191 660 4228 nso
686 4177 790 4244 speoiei
816 4185 888 4231 sont.
936 4178 1073 4232 amentiae
1097 4175 1203 4250 quidem

206 4417 213 4446 Ι
