3017 4759
276 195 350 277 ata
531 235 534 240 ·
578 203 805 275 mumuom
835 160 1066 293 sereonas]

210 389 265 442 n
381 372 491 434 Ταῦτα
525 366 565 450 δὴ
587 367 641 433 καί
661 372 780 434 τοιαῦτ’
803 372 882 449 ἐμοῦ
909 397 946 453 ys
967 368 1125 455 εἰρηκότος
1146 375 1202 436 καί
1223 360 1385 433 nanasard-

277 491 339 548 τος,
362 469 467 557 λόθρρ
487 470 650 546 ἐξέπιπτεν
667 470 712 543 εἰς
727 470 823 545 α’κυοὶς
845 471 1016 554 α’λλοτρίας
1032 476 1086 535 καί
1100 472 1298 551 ἀντιθέτους,
1323 472 1387 535 καί

155 571 175 626 i.
187 575 266 634 12⁷1.
278 566 358 651 πρός
388 568 511 655 φθόνον
541 572 599 633 καί
621 566 722 653 φόβον
743 572 891 654 ἠρέθιζεν
919 568 1030 654 ἥκιστα
1056 570 1094 655 δή
1120 568 1266 658 φορητόν.
1309 572 1385 650 μοὶ-

275 676 367 735 λιοτπ
387 671 418 733 δ’
439 663 494 734 σύν
520 670 667 734 ύπόντιον
687 673 834 755 ἐξέπληξέ
854 696 887 736 τε
910 674 965 736 καί
988 673 1118 757 ἐξέμηνε
1143 674 1384 755 Καντακοοζη-

274 769 329 835 νόν
350 767 403 834 τόν
423 773 479 854 τῆς
499 776 554 835 τοῦ
578 773 659 835 θεοῦ
688 772 855 856 ἐκκλησίας
884 765 1019 857 ὄλεθρον
1048 777 1105 839 καί
1123 770 1304 856 βεβαιωτήν
1322 776 1411 855 τῆςό

274 865 349 955 ὅλης
370 874 481 947 κακίας
511 871 679 951 διάπυρον.
734 868 767 948 ἐς
789 871 890 957 (λη’ποο
913 874 969 937 καί
987 876 1094 950 δείσας
1115 870 1160 957 μή
1182 874 1257 953 νύν,
1279 870 1383 937 όπότε

274 975 349 1056 μήτ’
371 969 468 1045 αύτὸς
494 976 663 1055 τυραννοίη
678 975 760 1057 μήθ’
780 973 795 1037 ὃ
819 977 915 1048 ρύτού
935 971 1142 1057 μυσταγωγός
1165 976 1280 1056 παρειή
1296 978 1382 1038 Πα-

274 1076 390 1154 λπμοῑς,
409 1074 552 1160 ὑπέρσχῃ
575 1072 629 1136 καί
649 1077 749 1157 πέρας
773 1078 836 1161 σχῇ
856 1072 893 1138 τό
916 1077 1163 1155 βεβουλευμένα,
1187 1073 1291 1161 λάθρη
1314 1070 1381 1136 σύν

274 1176 376 1259 πολλῇ
394 1174 431 1259 τῇ
452 1176 576 1260 σπουδῇ
610 1171 786 1259 πεπομφώς
814 1174 955 1260 Ὑρκανῷ
984 1178 1027 1261 τῷ
1058 1177 1192 1261 γαμβρῷ
1220 1176 1274 1237 καί
1290 1177 1381 1254 βαρ-

273 1272 364 1361 βάρῳ
384 1273 537 1355 χρήματα
560 1273 637 1358 πρὸς
650 1278 810 1340 Βιθυνίαν
831 1274 889 1357 τὴν
909 1274 1030 1340 ἐκείνου
1045 1271 1152 1353 δεξιόν
1172 1278 1227 1339 κἀἰ
1247 1272 1380 1357 χνιύμην
1394 1275 1429 1331 1⁰

274 1370 389 1448 ἰκανιός
411 1371 527 1468 ἔχοντα
549 1377 730 1457 ἐμπιπλᾶν,
764 1380 909 1440 πέπεικεν
941 1376 1112 1460 ἐλεύθερον
1143 1373 1176 1451 ἐς
1199 1374 1383 1453 Βυζάντιον

274 1477 460 1540 σ’πσστεῖλαι
486 1478 651 1556 Παλαμᾶν
682 1476 734 1541 τὸν
759 1480 815 1562 τῆς
845 1476 956 1552 κακιλνις
986 1475 1184 1563 προστάτην,
1223 1476 1382 1559 ἰναζτὸν

275 1576 424 1659 δεύτερον
447 1576 545 1659 φόνοι
569 1581 678 1661 πλαύν,
699 1566 871 1661 συμμαχία
890 1566 947 1651 τις
968 1582 1012 1665 τῷ
1033 1580 1158 1666 πονηρρί
1182 1581 1260 1659 γοῦν
1281 1574 1383 1653 αύτός

274 1679 417 1759 γίγνηται
446 1674 592 1760 ἰόχμπτι.
644 1675 663 1741 ό
691 1676 731 1761 dr}
755 1681 810 1742 κατ’
843 1678 917 1762 ἡμῖν
945 1677 1033 1757 ἐέσξε
1064 1682 1190 1760 μᾶλλον·
1220 1671 1239 1762 ἢ
1271 1679 1381 1766 ἐκείνῳ

223 1824 226 1827 -
274 1779 417 1859 βέλτιον·
470 1778 551 1859 πρός
578 1781 638 1861 γὰρ
662 1780 893 1869 παρόνταιτεόν
915 1782 970 1862 τῆς
1002 1781 1158 1866 αἰσχύνης
1185 1782 1382 1857 κινουμένων
1394 1790 1429 1845 15

275 1874 423 1960 ἐλέγχων,
447 1880 503 1941 ούιι
525 1872 623 1963 ούσης
643 1874 703 1964 ἤδη
724 1883 780 1963 τῆς
802 1881 931 1963 α’μύχον
954 1885 1142 1980 συμμαχίας
1162 1884 1219 1947 τού
1244 1884 1382 1945 Καντα-
1469 1964 1472 1969 ¹

277 1980 456 2061 κουζηνού,
480 1984 601 2060 μᾶλλον
630 1984 666 2048 δέ
695 1986 751 2065 τῆς
788 1985 973 2065 τυραννικῆς
1000 1986 1055 2047 καί
1074 1985 1144 2047 λίαν
1166 1980 1299 2062 π’τύπου,
1318 1980 1382 2044 osiae

275 2081 405 2145 ἐλείπετ’
433 2074 474 2145 ἐν
513 2078 559 2145 ἔτι
591 2083 753 2168 πρόφασις
789 2084 955 2169 α’ποφυγῆς
989 2083 1214 2167 ούό’.ἧτιοούν
1243 2084 1285 2169 τῷ
1319 2080 1380 2164 τὴν

274 2180 403 2265 χνύμην
425 2184 480 2248 καί
501 2186 600 2248 πάντα
622 2181 739 2267 τρόπον
762 2183 947 2273 διαστρόφρν
970 2181 1024 2247 καί
1044 2183 1148 2249 πόντα
1172 2180 1287 2271 α’τόπηι.
1468 2252 1471 2255 ,

209 2298 264 2351 4⁸
372 2282 460 2347 Ἀλλ’
479 2284 534 2349 ἐπί
553 2284 675 2360 τούτοις
706 2280 725 2366 ἦ
754 2285 881 2365 βασιλὶς
902 2284 1008 2371 Ἑλένη
1035 2282 1116 2368 πρὸς
1145 2281 1319 2363 Βυζάντιον
1342 2283 1426 2349 sato

280 2384 415 2447 Τενέδου
439 2383 597 2467 οἰφιχμένη
619 2382 676 2468 την
698 2389 743 2459 εἰς
765 2388 857 2450 τούτο
880 2370 981 2471 ῥοπήν
1004 2386 1185 2466 α’νεχαίτισε
1206 2388 1262 2449 τοῦ
1277 2384 1377 2461 συζύ-

274 2507 332 2565 χαυ
356 2484 412 2546 καί
432 2486 588 2563 βασιλέως
602 2481 835 2573 Παλαιολόχρυ,
852 2486 922 2568 μήτ’
945 2484 1026 2569 αύτὴ
1049 2486 1182 2571 μηδαμῇ
1197 2483 1376 2565 βουλομένη

277 2585 333 2667 τῆς
350 2586 620 2667 Καντακουζηνοῦ
642 2588 698 2648 τού
720 2582 839 2671 πατρός
860 2587 1014 2669 αἰσχύνης
1030 2586 1138 2666 aalays
1159 2586 1202 2671 τῷ
1223 2586 1376 2668 πρέπυντι

375 2872 449 2924 ilaee
468 2880 495 2924 et
514 2872 612 2925 similia
632 2880 771 2941 postquam
791 2874 846 2925 dixi
865 2883 892 2927 et
909 2874 1031 2942 persuasi
1050 2874 1117 2927 clam
1135 2889 1179 2927 res
1199 2873 1323 2942 pervenit
1342 2874 1375 2927 ad

279 2942 381 2997 alienas
403 2960 482 2996 aures
508 2953 535 2996 et
559 2946 728 2998 adversarios
756 2953 809 2996 tam
836 2947 868 2997 ad
887 2947 1013 2998 invidiam
1032 2962 1109 3015 quam
1131 2947 1163 2998 ad
1185 2947 1307 2997 timorem
1325 2945 1375 2997 ad.

276 3018 351 3068 duxit
368 3018 476 3067 minime
496 3017 648 3079 ferendum3
674 3018 789 3067 maxime
808 3032 873 3068 vero
899 3018 1043 3084 perterruit
1068 3019 1183 3069 omnium
1211 3025 1237 3069 et
1260 3032 1375 3084 exaspe-

276 3088 346 3138 ravit
362 3104 406 3139 res
427 3087 640 3141 Cantacuzennm
659 3088 767 3139 divinae
788 3087 918 3140 ecclesiae
937 3097 1039 3153 pestem
1059 3097 1085 3140 et
1102 3090 1271 3141 defensorem
1290 3089 1375 3140 omnis

277 3159 418 3226 pravitatis
440 3157 586 3210 ardentem.
623 3159 668 3226 qui
686 3160 810 3213 nimirum
831 3161 908 3211 etiam
928 3162 1046 3224 veritus,
1071 3176 1204 3223 pennus,
1226 3175 1306 3227 quum
1323 3175 1376 3212 neo

277 3232 336 3297 ipse
358 3237 485 3295 tyrannus
506 3238 586 3293 esset,
604 3243 655 3280 nec
674 3239 833 3298 praeceptor
854 3228 917 3300 surus
944 3232 1050 3283 adesset
1068 3230 1198 3295 Palamas‚
1218 3238 1377 3297 superarent

279 3310 306 3353 et
319 3299 437 3350 'nimium
457 3299 580 3351 valerent
601 3316 632 3351 ea
654 3316 721 3368 quae
740 3302 887 3353 deliberata
903 3311 986 3366 erant,
1008 3301 1076 3355 clam
1094 3317 1190 3371 magno
1211 3318 1269 3353 cum
1287 3302 1375 3353 studio

277 3372 401 3438 llyreano
421 3386 522 3438 genero
552 3379 578 3422 et
595 3370 708 3423 barbaro
733 3374 761 3424 in
789 3374 940 3439 Bithyniam
966 3374 1047 3425 missa
1062 3375 1201 3441 pecunia,
1224 3389 1292 3441 quae
1310 3373 1376 3424 satis

279 3450 351 3496 esset
379 3443 411 3494 ad
437 3441 597 3509 implendam
614 3442 695 3507 [illius
723 3444 841 3496 dextram
871 3454 897 3496 et
915 3452 1039 3509 mentem,
1059 3446 1192 3513 persuasit
1216 3453 1245 3496 ut
1263 3443 1377 3495 liberum

278 3517 396 3568 mitteret
424 3514 582 3580 Byzantium
604 3513 734 3566 l’alamam
761 3517 900 3581 pravitatis
926 3525 1040 3568 tutorem
1065 3525 1093 3568 ut
1117 3517 1222 3567 adiutor
1247 3529 1376 3583 perverso

281 3590 340 3657 ipse
359 3587 404 3638 liat
422 3587 547 3655 dogmati.
586 3587 763 3655 quod-etiam
783 3587 862 3639 nobis
881 3589 967 3639 visum
987 3596 1027 3638 est
1053 3588 1142 3655 potius
1161 3602 1237 3655 quam
1256 3585 1298 3638 illi
1319 3601 1377 3637 me.

279 3660 343 3711 lius.
381 3674 440 3709 nam
460 3659 492 3710 ad
514 3660 666 3725 praesentia
687 3667 805 3709 ortorum
825 3675 858 3710 ex
877 3660 978 3726 pudore
1008 3660 1144 3711 criminum
1165 3674 1243 3727 quum
1263 3658 1377 3708 nondum

279 3730 463 3795 insuperabile
483 3739 555 3781 esset
570 3729 698 3782 auxilium
708 3730 889 3782 Cantaeuzeni
911 3732 956 3783 sed
973 3731 1056 3798 magis
1074 3732 1240 3796 tyrannicum
1255 3737 1282 3781 et
1301 3727 1377 3780 valde

279 3805 395 3865 ineptum
415 3815 468 3852 non
488 3800 689 3869 relinquebatur
710 3802 760 3850 iam
779 3809 933 3866 praetextus
953 3802 1032 3871 iffae
1052 3801 1122 3853 ullus
1144 3801 1244 3852 bomini
1263 3800 1377 3850 inomni

277 3872 410 3924 sententia
430 3879 456 3921 et
475 3872 579 3922 ratione
596 3870 751 3939 perturbato
773 3878 799 3921 et
819 3873 940 3937 omnibus
957 3874 983 3923 in
1002 3872 1082 3925 rebus
1102 3874 1204 3939 inepto.

377 3968 429 4023 Sed
451 3968 484 4019 ad
503 3968 570 4018 haec
588 3966 691 4019 Helena
712 3967 806 4035 regina
820 3968 975 4034 Byzantium
994 3968 1100 4021 'lenedo
1122 3968 1243 4035 prolecta
1263 3964 1377 4018 Palaeo-

281 4043 339 4111 logi
359 4040 482 4109 coniugis
504 4047 531 4090 et
548 4041 621 4107 regis
640 4040 667 4089 in
681 4039 749 4091 bane
766 4054 821 4090 rem
840 4042 1045 4107 propensionem
1062 4040 1192 4105 cohibuit,
1211 4054 1299 4107 neque
1321 4039 1378 4104 ipss

280 4114 337 4168 ullo
357 4111 434 4165 modo
454 4110 550 4164 volens
570 4109 751 4164 cunensem
771 4112 854 4179 patris
869 4112 1033 4179 ignominiae
1047 4126 1105 4162 enm
1125 4110 1175 4162 ists
1193 4108 1376 4192 smeeratlune
