3017 4759
320 247 396 328 ιιι
619 259 843 330 mousom
873 235 1105 328 cumcuin

318 423 399 514 ἦθος
418 425 615 512 κιβδηλεύειν
635 424 768 510 ἔμελλον
787 420 847 501 άν,
869 429 1003 506 σεμναῖς
1033 422 1180 505 ἀσέμνως
1206 419 1334 498 ἀκοαῖς
1367 423 1450 486 ἐνο-

251 536 305 592 ΙΙ
316 533 466 612 χλούσαι.
487 533 610 614 μάλλον
632 530 663 592 δ’
686 529 787 592 εἰπεῖν
805 527 1016 611 οἰκειότερον,
1043 523 1089 601 ώς
1108 526 1187 610 πρὶν
1204 523 1283 602 τοὺς
1309 529 1447 590 &toxa-

319 633 439 716 πῆλους
460 630 599 705 ἐκείνους
618 627 638 694 ὁ
659 630 768 716 κύριος
789 631 824 693 ἐκ
842 631 899 699 τοῦ
920 627 1021 712 ἱεροῦ.
1061 623 1172 712 ὥσπερ
1197 626 1262 712 γὰρ
1286 628 1355 692 ἐπὶ
1377 630 1447 692 τών

320 732 521 820 φαινομένων
552 732 749 817 πραγμάτων
776 730 799 815 ἧ
829 733 889 812 μὲν
919 730 1015 815 φύσις
1050 729 1191 794 ἀνείδεον
1210 729 1345 814 τρόπον
1367 753 1448 794 τινα

318 833 375 918 τήν
402 831 481 919 ύλην
510 834 647 918 παρέχει
676 840 743 908 τοῖς
773 831 957 917 ἀνθρώποις
989 831 1047 896 καὶ
1076 827 1268 896 ύπεναντιάν
1311 829 1365 906 σός
1405 827 1466 898 τάό

320 933 423 1000 πολλά
445 933 526 1019 πρός
545 933 581 1000 τὸ
600 935 783 1019 χρήσιμον,
804 934 977 1017 ἐπειδήπερ
998 930 1020 1016 ἦ
1040 934 1101 1015 μὲν
1123 932 1220 1018 φύσις
1246 931 1309 998 τόν
1335 931 1445 1001 αὐτόν

319 1036 371 1101 ἀεὶ
391 1036 629 1121 συγκεχυμένον
648 1037 705 1101 καὶ
729 1035 915 1120 ἀδιάκριτον
935 1036 1055 1119 τρόπον
1073 1041 1168 1119 τηρεῖ
1180 1036 1239 1117 τῆς
1259 1035 1442 1119 γενέσεως,

318 1135 393 1204 ἀδ’
419 1137 606 1203 ἀπαιτοῦσιν
638 1135 671 1201 αἱ
708 1139 862 1222 διηνεκεῖς
881 1135 938 1200 καὶ
972 1137 1127 1222 διάφοροι
1152 1139 1217 1200 τῶν
1239 1135 1441 1221 ἀνθρώπων

314 1245 444 1325 χρεῖαι,
476 1239 578 1303 ταῦτα
606 1239 799 1322 μεταβάλλει
830 1237 933 1302 πάντα
963 1240 1114 1323 πολλαχῇ
1132 1237 1189 1302 καί
1209 1237 1440 1321 πολυτρόπως

315 1337 370 1404 ἀπ’
396 1337 499 1404 αύτών
519 1339 600 1424 πρὸς
630 1339 665 1404 τὸ
683 1341 865 1425 χρήσιμον,
897 1337 979 1405 ούτω
1001 1341 1058 1406 κατ’
1088 1341 1173 1406 τόν)
1198 1338 1357 1421 όνόμοιτα
1380 1338 1471 1405 stadii

318 1439 446 1527 ῥήματα
469 1443 614 1527 διαγνοιη
638 1437 677 1506 ἀν
696 1467 744 1518 τις
765 1441 896 1522 ἔχοντα,
919 1440 976 1507 καὶ
994 1441 1132 1524 μάλισθ’
1155 1438 1218 1507 ὅσα
1238 1447 1320 1514 ταῖς
1341 1436 1436 1522 δμω-

317 1541 448 1626 νυμίαις
468 1545 687 1629 περιδινεΐται,
709 1541 857 1628 καθάπερ
879 1539 941 1626 ύλη
959 1567 1008 1619 τις
1020 1544 1177 1628 διάφορος
1191 1537 1257 1604 ἀπὸ
1269 1542 1337 1623 τῆς
1358 1541 1435 1620 τέχ-

318 1667 374 1728 νης
394 1645 684 1731 παιδαγωγούμενά
702 1669 737 1711 τε
758 1646 815 1709 καί
839 1644 920 1729 πρὸς
947 1641 984 1708 τό
1010 1644 1171 1730 χρήσιμον
1198 1649 1268 1719 τοῖς
1296 1649 1435 1727 καιροῖς

317 1745 463 1821 καὶτοῖς
483 1750 547 1817 τών
567 1747 756 1833 γραφόντων
785 1746 843 1811 καὶ
869 1746 1101 1831 διαλεγομένων
1134 1751 1203 1810 κατ’
1236 1746 1434 1828 οἰκονομίαν

250 1856 303 1912 10
317 1843 494 1912 ὑποθέσεσι
502 1847 776 1934 μεθαρμοζόμενά
788 1872 823 1913 τε
841 1848 897 1913 καὶ
909 1847 1228 1931 μεταλαμβανόμενα.
1273 1848 1339 1912 καὶ
1357 1847 1463 1914 τού-15

280 1996 289 2012 ,
317 1971 381 2012 των
401 1945 480 2032 ἡμῖν
503 1947 719 2034 ἀρχιτέκτονες
739 1948 769 2014 οἱ
792 1954 879 2015 θεῖοι
897 1948 1135 2033 τῆςέκκλησιάς
1158 1947 1359 2012 διδάσκαλοι
1380 1949 1430 2034 γί-

316 2073 444 2127 νονται,
477 2049 507 2113 εἰ
534 2054 736 2134 βουλοιμεθα
768 2050 934 2137 προγόνων
963 2052 1066 2138 φάναι
1089 2052 1240 2136 χρηστῶν
1269 2049 1430 2135 ἀπόγονοι

315 2149 453 2236 χρηστοὶ
473 2154 667 2230 καλεῖσθαι,
699 2153 837 2238 μηδαμῇ
849 2149 900 2235 ,τά
919 2152 1047 2216 ἐκείνων
1067 2152 1352 2235 τοιχωρυχοῦντες
1373 2153 1429 2215 καὶ

318 2254 549 2338 παρασπῶντες
586 2253 642 2318 καὶ
674 2254 902 2339 σπαράττοντις
930 2253 1012 2316 κατά
1039 2249 1112 2328 τούς
1148 2249 1341 2336 ἀγνώμονας
1372 2253 1428 2316 κατ’

319 2341 658 2439 πατραλοάιις“παῖδας
677 2355 835 2432 ἐκείνους,
858 2350 913 2430 ούς
933 2354 1060 2431 ἐξώλεις
1080 2351 1137 2418 καί
1158 2350 1320 2437 προώλεις
1343 2355 1460 2418 ἐπα-λδ

321 2459 439 2542 perimas
469 2455 583 2532 πάντες
613 2455 828 2521 ἀπόλλυσθαι.
878 2453 988 2540 ώσπερ
1022 2455 1126 2540 δήπου
1157 2454 1214 2519 καὶ
1240 2455 1378 2540 Πέτρος
1409 2453 1427 2519 c‘

319 2561 407 2634 θεῖος
430 2555 612 2635 ἀπόστολος,
636 2558 798 2622 διδάσκων
818 2555 864 2642 μὴ
886 2556 1092 2643 διαστρέφειν
1103 2555 1161 2632 τὰς
1173 2555 1268 2630 θείας
1290 2554 1425 2641 γραφάς

240 2733 244 2738 ,
317 2654 399 2743 πρός
419 2658 535 2724 κακίαν
558 2659 757 2745 ἀντιρροπον,
778 2660 834 2725 καί
852 2659 929 2724 τάδε
950 2661 1172 2745 προστίθησιν.
1211 2653 1279 2733 “cic
1298 2653 1320 2722 ἀ
1342 2654 1422 2741 ἀγα.

317 2755 414 2842 πητὸς
444 2755 536 2842 ἡμῶν
558 2757 698 2846 ἀδελφος
719 2763 856 2837 Παύλος
886 2760 969 2823 κατὰ
992 2758 1049 2842 τὴν
1074 2755 1162 2845 αύτῷ
1184 2759 1342 2822 δοθεῖσαν
1365 2781 1422 2822 σσ-

316 2999 456 3056 prschuc
476 2985 556 3039 mcdc
573 2985 704 3039 bonorum
722 2987 859 3039 hcmiuum
878 3001 957 3040 sures
976 2985 1122 3038 ciiendere.
1158 2983 1203 3037 vei
1221 2990 1252 3035 ut
1265 2984 1347 3052 quod
1362 2998 1421 3036 ma.

320 3060 361 3126 pis
380 3056 432 3110 huc
450 3059 577 3126 quadrat,
595 3059 679 3112 dicam
698 3058 913 3126 blasphemorum
933 3057 1145 3126 expuisicueme
1162 3056 1246 3109 sacris
1265 3070 1316 3123 per
1334 3055 1420 3123 ipsura

315 3135 434 3182 normam
459 3131 601 3182 domiuum.
654 3130 871 3199 quemadmodum
904 3132 933 3181 iu
955 3129 1036 3181 rebus
1063 3129 1182 3180 externis
1207 3133 1303 3179 ustura
1328 3127 1419 3179 rudcm

318 3207 442 3269 quantam
461 3201 597 3252 materiam
617 3201 726 3255 exhibet
746 3201 899 3253 hominibus
923 3206 1062 3269 nequent
1085 3199 1139 3251 aliu
1157 3197 1270 3266 piurima
1289 3197 1321 3250 sd
1343 3214 1418 3250 usum

315 3271 381 3323 satis
404 3278 482 3338 apta,
513 3286 592 3338 quum
615 3281 727 3326 naturae
751 3273 780 3324 id
797 3275 932 3341 proprium
961 3274 996 3324 ait
1027 3279 1058 3322 ut
1090 3285 1140 3338 pro
1169 3270 1276 3339 origiue
1300 3284 1351 3322 sua
1373 3285 1417 3322 res

314 3343 386 3394 iuter
403 3358 434 3394 sc
452 3343 608 3395 coniunctas
627 3353 655 3397 et
670 3347 836 3412 inseparatus
857 3346 1008 3408 contiueat,
1029 3350 1117 3394 tamen
1134 3348 1194 3393 utut
1212 3340 1348 3392 homiuum
1366 3357 1415 3394 τε·

315 3415 355 3467 ria
374 3412 488 3465 consilis
512 3415 639 3467 continue
671 3415 809 3497 flagitant,
833 3423 918 3467 mutet
941 3417 1030 3466 omnia
1057 3413 1133 3466 varic
1160 3414 1238 3466 ruodo
1265 3413 1295 3462 iu
1323 3411 1415 3464 hurum

315 3501 407 3539 urum:
428 3485 465 3537 ita
487 3499 595 3554 quoqne
624 3489 731 3539 nominc
758 3501 791 3540 ac
816 3486 899 3540 verba
931 3502 993 3538 scsc
1017 3485 1125 3536 habcrc'
1136 3485 1309 3551 conspicuum
1330 3492 1415 3536 estet

315 3558 461 3626 praecipue
482 3571 551 3625 quac
574 3557 775 3611 similitudinem
798 3558 929 3623 reddant,
948 3566 1072 3625 tauquam
1090 3556 1202 3607 materia
1219 3555 1349 3622 quaedam
1367 3571 1414 3623 per

316 3646 346 3683 se
365 3629 488 3694 confusa,
508 3628 689 3682 ariciormata
709 3637 736 3681 et
755 3631 788 3683 ad
807 3645 882 3682 usum
902 3629 979 3681 mcdc
998 3643 1047 3696 pru
1063 3626 1194 3695 singulari
1213 3627 1318 3678 raticnc
1336 3629 1412 3679 mcdc

315 3716 365 3769 prc
390 3700 562 3754 scribentium
594 3709 640 3753 aut
666 3701 810 3753 dicentium
836 3701 1001 3770 argumentis
1028 3699 1166 3751 commode
1189 3697 1307 3750 adhibita
1325 3706 1354 3749 ct
1369 3700 1411 3750 iu.

316 3787 404 3824 vem.
442 3773 470 3824 in
500 3770 543 3824 his
566 3781 653 3824 autem
680 3771 821 3825 architecti
844 3780 906 3824 snut
922 3772 1008 3824 nostri
1031 3771 1116 3823 sancti
1134 3769 1267 3837 ecclesiae
1284 3770 1411 3838 msgistri,

315 3843 338 3896 si
359 3856 410 3893 uus
428 3857 525 3894 revera
543 3851 646 3909 patrum
675 3844 805 3896 bcucrum
832 3843 908 3896 baud
920 3842 1011 3909 proies
1030 3841 1084 3893 dici
1103 3856 1192 3909 neque
1212 3854 1282 3908 quse
1302 3839 1335 3892 ab
1357 3839 1411 3893 illis

316 3914 451 3976 coniecta,
471 3913 596 3967 velumus
610 3915 753 3981 suiicderc,
773 3915 932 3979 distrahere,
950 3913 1126 3966 conscindere
1136 3919 1332 3965 utameuteset
1350 3927 1410 3980 par.

315 3984 417 4038 ricidae
435 3984 480 4035 isti
504 3982 613 4050 iaciunt,
634 4002 700 4055 quos
716 3987 836 4053 perditos
854 3985 996 4050 scelestas,
1012 3985 1108 4053 dignos
1127 3985 1172 4052 qui
1192 3990 1314 4051 percunt,
1333 4000 1409 4035 exsc-

317 4063 423 4109 crautur
444 4069 545 4108 omncs.
584 4072 666 4124 quare
687 4057 714 4111 S.
733 4057 871 4125 spostolus
888 4056 983 4109 Petrus
1000 4057 1060 4108 dum
1075 4064 1167 4108 munet
1182 4069 1218 4106 nc
1234 4069 1323 4106 sacrus
1343 4056 1409 4107 scri.

319 4137 410 4196 pturas
431 4127 607 4197 depravemus
639 4129 667 4180 iu
684 4129 831 4181 iuscleutiu
850 4128 918 4180 haec
935 4128 1014 4180 dicits
1039 4129 1127 4179 “sicut
1144 4134 1172 4178 et
1191 4126 1341 4178 carissimus
1358 4126 1411 4179 ira.

319 4205 362 4253 ter
381 4205 474 4272 uester
491 4197 591 4257 Paulus
609 4201 754 4257 secundun
775 4200 863 4274 datam
879 4199 933 4256 sibi
955 4198 1113 4270 sapientiam
1139 4199 1247 4268 scripsit
1262 4196 1355 4265 rolris,
1371 4199 1410 4255 si·
