3017 4759
171 227 178 240 ‘
206 275 210 279 .
234 228 456 300 nrsroamn
484 233 745 301 arzanmaaa
768 212 1101 303 narrati-tt.
1164 224 1237 301 ‘163

132 391 240 462 λείας·
292 389 327 453 τὸ
357 388 417 474 χάρ
452 392 548 476 φύσει
575 392 671 458 κακάν
694 392 938 478 ἀποτρίψασθαι
969 394 1075 483 χρόνῳ
1097 394 1154 481 την
1174 399 1239 476 ἕξιν

134 486 190 551 σῦκ
213 482 252 554 ἀν
282 512 355 557 ποτε
387 490 537 566 δῦναιτο,
567 489 649 557 ἀλλά
671 496 728 557 κατ’
753 491 811 577 τὴν
835 498 890 559 τοῦ
912 484 1010 559 καλοῦ
1029 498 1238 580 προσποίησιν

132 582 275 669 εῦχερῶς
302 598 369 665 τοῖς
400 588 581 673 πράγμασιν
612 593 817 676 ἐλεγχόμενον
840 594 1039 676 ἀποσείεται,
1064 599 1236 679 παλινδρο-

132 692 255 776 μοῦσης
285 698 339 778 τῆς
371 694 497 777 φῦσεους
527 698 583 759 καί
609 688 896 780 ἀναλαμβανούσης
929 695 962 760 ἐκ
983 700 1038 761 τοῦ
1057 692 1176 785 ῥᾴστου
1199 694 1234 761 τῦ

108 788 270 875 5χνὴσιον.
314 793 383 871 ἐξὸν
405 791 465 877 χάρ
491 800 554 879 θεῷ
576 792 614 859 τά
639 798 712 859 καθ’
738 793 837 862 αῦτῦν
855 793 1072 879 ἐπιτρέψαντα
1093 793 1150 879 τη“ν
1173 798 1237 859 ταῖν

135 894 259 959 παίδων
282 893 491 975 εάἀαιμυνίαν
512 895 620 981 ἡσυχῇ
650 888 971 982 πραγματεύσασθαι,
996 890 1119 983 ῥηίδιον,
1148 893 1235 978 εἴπερ

135 992 292 1075 ε’βοῦλετσ,
315 989 368 1075 ῦν,
391 989 406 1057 ῦ
428 998 463 1059 δὲ
485 1005 551 1071 τοῖς
573 997 722 1079 ἀσεβέσιν
748 997 790 1073 ιῦς
812 998 957 1079 ου’τυχεῖν
981 1000 1128 1063 δοκοῦσιν
1150 1001 1182 1070 ἐς
1202 996 1236 1060 τὸ

134 1094 238 1177 παρὸν
264 1100 386 1176 μᾶλλον
423 1092 538 1164 ἑαυτὸν
571 1093 706 1172 ἀναθείς
735 1097 840 1164 ἀΐδιον
873 1099 973 1163 είλετο
1000 1103 1137 1181 μοχθεῖν
1161 1099 1236 1163 ’κατ’

133 1199 236 1276 ἐμοῦ·
277 1201 359 1282 μηδὲ
380 1196 441 1283 χάρ
468 1193 545 1263 ἀλλο
565 1222 596 1264 τι
619 1204 877 1283 μακαριζομένων
906 1200 1072 1283 γνώρισμα
1092 1202 1164 1281 βίον
1186 1204 1238 1282 γί-

90 1301 249 1370 adamitae
270 1301 387 1363 τουτωί
407 1302 463 1363 καί
488 1298 709 1386 ἀληθευοῦσης
739 1304 875 1381 ου’ζωΐας
909 1297 1030 1388 ἢκατά
1056 1326 1091 1385 με
1124 1302 1158 1368 τό
1181 1306 1237 1367 νῦν

98 1463 106 1475 ,.
130 1401 334 1483 εάτυχοῦντα
350 1397 512 1466 δῦνασθαι
535 1401 682 1486 φθείρειν
700 1405 839 1484 adornate
861 1405 916 1466 καί
927 1405 1028 1488 μηδὲν
1052 1404 1237 1477 ἀδικοῦντας

131 1496 333 1583 ἀνθρώπους,
347 1494 402 1574 οῦς
423 1502 464 1563 δι’
480 1501 560 1564 ου’τό
579 1506 721 1583 γετουτί
738 1503 881 1583 νενόμικε
897 1504 1077 1583 δυστυχεῖν,
1100 1496 1147 1566 ὅτι
1161 1502 1237 1566 θεό-

130 1626 209 1684 τητα
227 1602 358 1681 σέβουσι
371 1599 638 1685 τ’ρισυτιόστατον,
654 1601 824 1686 φεύγοντες
838 1604 952 1667 ἀθεῖαν
967 1601 1048 1682 ὁμοῦ
1070 1601 1126 1665 καί
1137 1607 1237 1665 πολυ-

130 1702 234 1765 θεΐαν.
258 1703 354 1783 δῆλον
376 1704 427 1765 df·
449 1704 504 1764 καί
522 1700 583 1784 χάρ
603 1704 732 1775 ἐκείνοις
744 1702 922 1783 σύνδρομον
945 1702 999 1765 καί
1019 1699 1145 1767 τὸντοῦ
1158 1706 1302 1778 fla-u

87 1802 219 1880 ίδλαμῦ
236 1804 345 1882 κρίνας
363 1797 521 1886 ὑπάρχειν
535 1804 659 1883 θίασον,
678 1808 826 1885 πονηροῖς
838 1801 977 1883 ὀργάνοις
986 1803 1067 1883 μετὰ
1082 1806 1142 1867 τσῦν
1156 1800 1234 1867 ἀσε-Ι

80 1957 89 1962 ,
128 1904 196 1983 βοῦν
211 1900 339 1967 ἐκείνων
360 1904 415 1967 καί
429 1904 547 1979 τούτοις
564 1902 724 1986 ἐχρήσατο
744 1906 813 1966 κατ’
827 1905 917 1984 ἐμοῦ,
933 1903 982 1967 ἵνα
995 1905 1050 1967 καί
1065 1906 1160 1968 τοῦτο
1179 1910 1235 1986 τῆς
1245 1917 1264 1971 f.
1278 1918 1327 1973 135
1340 1917 1369 1975 lt.

129 2006 166 2067 ἐκ
179 2006 296 2066 πολλοῦ
311 2005 335 2042 ‘¹
347 2007 578 2086 capescendam
594 2003 680 2089 ου’τηῦ
691 2005 758 2066 κατ’
774 2000 855 2083 ἐμοῦ
865 2001 1028 2085 χνοίρισμα
1045 2002 1170 2088 χνιόμης
1185 2002 1233 2088 εἴη
1441 1994 1444 1999 ’

130 2106 185 2167 καί
203 2111 258 2187 τῆς
278 2098 456 2187 τῦνῦρκυνν
470 2097 568 2179 αῦθις
589 2102 795 2186 συγχύσεως·
821 2104 875 2167 διὰ
898 2104 959 2188 χάρ
982 2106 1087 2167 αι’τῦν
1108 2104 1235 2187 ἀπάσης

128 2207 291 2286 εἀιορκίας
303 2203 385 2285 ὁμοῦ
403 2208 458 2269 καί
472 2205 681 2287 διχοστασίας
703 2203 792 2285 μα’λα
808 2200 925 2291 ῥηιδίως
936 2203 992 2285 την
1015 2202 1107 2268 πόλιν
1119 2206 1235 2281 ἐκεῖνος

82 2302 306 2389 θοῦνὲπλησεν.
349 2304 430 2383 ὀξεῖς
452 2328 485 2370 τε
506 2305 566 2389 yda
583 2307 628 2381 είς
651 2308 766 2370 κακίαν
789 2298 875 2379 ὄντες
896 2302 926 2369 οἱ
948 2298 1070 2390 ἀνδρες,
1091 2309 1147 2370 κατ’
1167 2300 1235 2385 ἀμα

129 2409 175 2494 τῷ
197 2411 254 2470 τοῦ
274 2409 581 2503 σχήματοςμίλανι
609 2402 692 2488 μετά,
711 2408 764 2491 τῆς
794 2405 942 2486 ἀσεβείας
973 2404 1026 2469 καί
1052 2404 1110 2489 τήν
1139 2408 1172 2481 ἐς
1193 2405 1233 2469 cci

129 2511 262 2572 τοιαῦτα
285 2512 339 2590 τῆς
365 2512 517 2594 πονηρίας
548 2506 743 2591 ἀποχρῶσαν
778 2506 944 2593 φαρέτραν
972 2504 1232 2591 συχκρῦπτοντες,

130 2608 343 2675 παντοδαπῶν
369 2613 424 2673 καί
453 2609 657 2695 πολυτρόπων
687 2612 849 2694 χίμουσαν
876 2612 940 2675 τοῖν
961 2611 1081 2692 βελῶν,
1103 2608 1234 2674 κάκεῖνα
1296 2612 1301 2621 ’
1351 2608 1353 2617 ’

131 2981 230 3022 exuere
248 2981 303 3023 nan
327 2972 418 3036 pateat
436 2964 483 3024 ced
510 2965 590 3022 etiarn
611 2982 692 3037 qaam
720 2963 802 3022 facile
829 2964 910 3021 rebus
929 2972 1056 3039 arguatur
1083 2960 1233 3019 simulatio.

128 3055 189 3093 neni
207 3040 270 3092 boni
294 3041 397 3093 abiicit.
434 3041 504 3094 redit
529 3042 598 3093 enim
625 3039 711 3093 altera
735 3048 830 3092 natura
860 3046 886 3091 et
910 3039 981 3106 qnod
999 3038 1135 3106 proprium
1154 3036 1235 3088 habet

131 3110 258 3164 facillime
277 3113 382 3181 recipit.
410 3112 474 3165 deus
494 3120 582 3165 autern
598 3112 622 3165 ei
642 3127 688 3163 rea
706 3119 811 3163 nostras
829 3112 854 3161 ei
873 3111 1057 3162 tradiderimus
1077 3108 1234 3161 felicitatem
1318 3142 1326 3154 .

128 3182 207 3234 nobie
223 3183 330 3235 occulto
356 3192 491 3252 comparat
517 3184 597 3251 idque
622 3190 700 3250 prout
724 3181 783 3235 vult
802 3181 939 3233 facillime.
972 3181 1021 3235 illc
1040 3189 1127 3233 tamen
1146 3179 1234 3248 impiis

130 3255 175 3322 qui
194 3254 321 3307 fortunati
348 3271 407 3311 esee
427 3255 586 3309 videbantur
604 3256 780 3321 impraesens
805 3262 935 3305 totumne
956 3254 1129 3309 committere
1139 3248 1235 3303 maluit

130 3334 157 3378 et
177 3328 305 3378 continno
324 3328 390 3377 mihi
409 3326 586 3379 calamitatem
606 3340 711 3393 parare.
748 3325 796 3376 aed
813 3324 935 3391 protecto
959 3324 1114 3377 felicitatem
1135 3331 1162 3375 et
1180 3338 1232 3374 ae.

127 3412 183 3449 ram
205 3398 369 3465 voluptatem
387 3399 487 3451 nullam
507 3396 598 3459 habet,
617 3397 669 3447 nisi
688 3396 758 3463 quod
784 3396 835 3446 hoc
854 3398 881 3446 in
901 3403 1020 3463 tempere
1038 3397 1144 3448 fortuna
1164 3394 1233 3445 frui-

128 3475 170 3521 tar
191 3477 218 3519 et
235 3478 395 3537 potestatem
422 3470 504 3521 habet
528 3470 587 3538 pice
619 3473 646 3518 et
675 3467 795 3519 insontes
819 3466 940 3521 homines
960 3466 1147 3536 exstinguendi
1166 3478 1233 3531 quot

128 3546 238 3607 propter
260 3541 287 3591 id
305 3541 390 3607 ipsum
409 3539 534 3593 infelicet
556 3546 631 3606 putat
650 3538 721 3605 quod
747 3540 844 3591 trinum
865 3539 942 3591 deum
962 3538 1054 3590 colunt
1074 3546 1100 3589 et
1120 3550 1166 3589 cns
1187 3534 1233 3601 qui
1261 3532 1268 3547 ⁶

128 3610 206 3661 deum
226 3625 288 3663 ease
308 3619 408 3680 negant
426 3626 532 3679 unaque
553 3611 599 3679 qui
613 3610 710 3663 multos
730 3610 794 3662 deca
815 3625 875 3661 ecee
899 3610 1019 3673 credunt,
1040 3608 1154 3676 fugiunt.
1174 3606 1233 3672 ipse

129 3679 199 3731 enim
218 3679 461 3735 Palamaedeorum
482 3681 580 3735 cultum
597 3682 727 3749 sequitur.
765 3682 834 3733 unde
854 3681 932 3731 etiam
961 3680 1057 3731 factum
1078 3687 1119 3731 eat
1137 3685 1167 3728 nt
1181 3690 1233 3727 nna

128 3766 188 3804 cnm
208 3752 296 3817 impiis
314 3752 369 3805 illia
386 3754 494 3806 nefario
515 3755 592 3805 modo
617 3768 660 3807 me
679 3752 844 3805 tractaverit.
892 3752 982 3818 itaque
1003 3766 1037 3801 ex
1053 3749 1104 3800 hoc
1125 3762 1233 3817 quoqne

128 3821 304 3873 consiliorum
324 3825 382 3875 eius
402 3842 471 3893 qaae
491 3827 518 3875 in
537 3841 580 3877 me
598 3826 651 3875 iam
669 3823 752 3876 multe
773 3840 787 3873 e
806 3830 925 3888 tempore
939 3822 1026 3873 animo
1046 3820 1185 3875 volutabat
1205 3825 1232 3869 et
1332 3881 1336 3890 Ι

127 3893 241 3961 periurii
258 3893 385 3946 indicium
402 3896 480 3949 nobis
499 3897 631 3963 apparuit.
668 3910 717 3960 per
732 3893 796 3945 illos
812 3894 881 3943 enim
902 3894 1028 3960 periuriis
1048 3900 1075 3944 et
1093 3889 1234 3945 discordiis

128 3964 221 4016 urbem
242 3964 324 4016 facile
347 3963 479 4032 implevit.
516 3982 575 4019 nam
594 3968 646 4019 viri
665 3966 743 4033 proni
764 3972 839 4016 erant
860 3955 892 4014 ad
911 3963 1011 4033 flagitia
1032 3972 1058 4015 et
1077 3980 1135 4015 cum
1154 3958 1234 4013 vulta

128 4037 199 4089 triati
224 4042 251 4088 et
269 4035 407 4103 impietate
438 4052 543 4105 unaque
568 4036 718 4103 pharetram
743 4052 812 4104 quae
837 4036 870 4088 ad
899 4034 1021 4089 facienda
1046 4034 1146 4104 flagitia
1166 4044 1232 4097 aput

130 4116 187 4165 arat
206 4106 374 4165 occulantes
393 4109 476 4165 variis
495 4122 527 4162 ac
544 4108 648 4162 idoneis
667 4107 729 4162 telia
756 4107 892 4172 relectam,
918 4106 986 4161 illud
1008 4106 1117 4161 cilentio
1137 4111 1164 4159 et
1183 4116 1232 4157 ce·
