3017 4759
283 239 358 317 382
586 238 812 310 NlOEPHORl
841 232 1072 304 Gnnoonnn

288 405 586 493 perscripserunt
610 404 713 468 oritoni
724 426 760 487 ys
782 404 968 484 ἐπέγραψαν
990 390 1103 478 ὄνομα,
1125 393 1316 477 ἀνέγκλητος
1339 392 1405 472 μὲν

285 507 377 574 ἔσται
396 508 501 589 ανίός,
523 502 563 571 soi
587 507 622 570 dd
641 505 751 586 βιβλία
773 496 831 567 oi·
873 527 903 570 ει
926 504 955 566 δ
977 500 1079 566 αυίοὕ
1099 498 1144 585 κρῖ
1166 487 1232 560 ὄντι
1252 495 1405 576 βεβαίους

287 611 389 691 εἰσίν,
410 607 492 690 decori
521 615 586 682 τοῖς
612 600 791 689 βιβλί’σις
771 631 835 689 αρα
853 597 1033 689 ἀπόβλητος
1054 627 1108 666 και
1129 598 1228 673 ου’τός
1249 621 1305 661 και
1331 601 1404 668 τοῖς

287 703 394 784 ἄλλοις
416 708 585 794 αἱρεοικαῖς
610 709 806 790 ἐναρίθμιος.

221 828 276 882 ΙΙ
390 807 556 880 Τυσοόνιον
577 802 702 876 ουνκαι
723 804 806 874 oriem
827 812 985 892 μεγέθους
1006 806 1188 888 άαεβειΗας
1173 799 1315 885 σχόντων
1340 795 1403 862 λό-
1412 815 1431 868 5

287 939 352 999 γαν
372 908 524 995 αάοῄκοος
558 905 574 973 ό
599 914 631 976 Γ
629 934 767 995 ρηγορας
793 907 927 993 γεγονώς
951 905 1079 993 σφόδρα
1102 929 1137 970 τε
1161 903 1317 984 ἐξεπλάγη
1343 902 1405 962 καί

289 1006 418 1101 άφιανος
462 1009 584 1094 ἔμεινεν
619 1004 699 1095 άχρι
731 1012 785 1076 καί
816 1009 848 1084 ἐς
879 1004 964 1093 ὥρας
997 1005 1120 1089 μακράν
1153 1031 1183 1070 τι
1214 1001 1401 1084 διάστημα.

290 1113 398 1180 ἔπειτα
419 1114 529 1195 θυμοῦ
548 1138 603 1179 και
597 1111 722 1198 ζήλου
744 1115 838 1176 deson
858 1109 977 1191 μεστός
995 1104 1131 1193 γεγονώς
1152 1103 1272 1182 τοιάδε,
1295 1129 1403 1186 στρα-

290 1215 363 1302 φείς
383 1214 463 1299 πρός
484 1212 540 1280 νόν
562 1210 842 1296 Κανοακονζηνόν,
875 1213 966 1297 φησί.
1021 1214 1054 1274 τί
1074 1231 1139 1290 μου
1161 1205 1196 1274 τὸ
1214 1210 1319 1290 γῆρας
1341 1202 1405 1267 οὐκ

291 1318 347 1404 ἐᾷς
370 1317 517 1400 η’ρεμείν,
539 1315 608 1380 ἀλλ’
637 1314 854 1396 ἐπιβουλεύεις
873 1310 944 1393 άεί,·
965 1313 1003 1377 τί
1018 1334 1058 1393 μι
1080 1320 1150 1386 ταῖς
1169 1317 1242 1382 σαῖς
1261 1307 1314 1371 nisi
1340 1329 1404 1388 με-
1417 1331 1449 1384 10

291 1420 388 1503 ρίζοον
409 1414 571 1499 αἱρέσεσιν
592 1418 650 1481 οάκ
670 1412 845 1500 δνάρκηαας
867 1415 937 1477 oe'd'
957 1414 1019 1496 σ’ψδ
1038 1416 1095 1495 τῆς
1118 1412 1240 1494 ἡλικίας
1259 1409 1316 1493 τῆς
1341 1413 1406 1490 σῆς

293 1518 348 1583 καί
366 1519 421 1601 τῆς
442 1518 498 1582 νῦν
517 1515 753 1599 βαρυδαίμονος
774 1513 892 1600 ου’χης,·
923 1517 959 1578 τί
981 1517 1014 1595 μ’
1041 1507 1149 1603 ἄλλοτ’
1184 1506 1322 1576 ἄλλοθεν
1357 1506 1404 1584 oric

294 1621 329 1685 όκ
351 1618 473 1703 λόχμης
497 1622 553 1684 καί
573 1621 701 1701 δρυμοῦ
735 1617 953 1702 προσβάλλων,
979 1617 1019 1679 ου’
1038 1617 1155 1702 τολμᾷς
1185 1611 1264 1678 κατά
1289 1616 1405 1693 μέναν-

155 1736 354 1808 totunm
376 1715 525 1802 ἄντικρυς
543 1719 599 1784 τόν
620 1717 675 1785 σὸν
696 1720 862 1804 ἐπιφέρειν
883 1719 1034 1802 πόλεμον,
1057 1717 1127 1780 ἀλλ’
1150 1715 1206 1780 οάκ
1223 1711 1310 1778 ἔστιν
1327 1705 1406 1776 οὔθ’

296 1816 370 1886 ὅθεν
402 1813 474 1886 edt’
506 1816 555 1886 διε
582 1818 627 1902 μή
655 1817 713 1903 τὴν
742 1817 801 1903 σήν
829 1842 886 1901 μοι
917 1819 1088 1903 προσάγεις
1109 1817 1306 1898 άτδκμαρτον
1329 1823 1407 1878 πεῖ·
1418 1829 1450 1881 15

298 1946 375 2004 ραν,·
399 1924 441 1986 ’τί
469 1917 549 1986 sosoi
571 1922 633 1990 ιιόν
667 1922 765 1986 θείαν
789 1916 955 2003 δογμάτων
986 1914 1094 1984 ἄλλοτ’
1125 1914 1240 1990 ἄλλους
1267 1916 1408 1999 ἐγείρεις

298 2017 477 2102 Ὀλάμιιους
496 2018 551 2084 καί
574 2017 771 2106 Παρνασσός
792 2021 998 2107 βλασφημίας
1022 2023 1227 2101 αάιομαδοδς
1249 2022 1306 2081 καί
1324 2019 1409 2100 ‹irpe-

194 2134 198 2146 “
297 2127 442 2206 μαθοιῖς,Ι
465 2128 502 2188 τί
531 2124 611 2189 κατὰ
644 2126 826 2192 thiedoino»
856 2127 1000 2206 πατέριον
1028 2120 1199 2205 χαράδρας
1221 2119 1410 2202 άνοράττεις

300 2225 352 2292 αόί
373 2227 558 2308 καινοτέρας
580 2228 635 2290 καί
654 2222 737 2312 μόνη
759 2227 796 2312 τῇ
816 2227 858 2310 σῇ
879 2225 1123 2307 παρευρημένας
1143 2221 1320 2285 αότοθελεῑ
1338 2223 1410 2284 ἐπι.

244 2346 248 2363 ·
299 2328 387 2414 νοίρς
417 2328 488 2390 τίνα
514 2326 623 2392 τοῦτον
648 2329 681 2404 ἐξ
703 2324 913 2408 ου’τασχεδίου
935 2327 980 2410 τῷ
1001 2325 1079 2411 θείῳ
1099 2326 1206 2410 ἐκείνῳ
1229 2321 1329 2405 πατρί
1353 2323 1451 2386 saiso

246 2475 249 2481 ·
300 2430 391 2514 σοφῷ
412 2428 595 2514 διδασκάλῳ
615 2429 669 2511 τῆς
698 2425 865 2512 ἐκκλησίας
897 2428 968 2491 νίον
1003 2421 1142 2503 δπλίζοις
1163 2425 1354 2505 Ἀρχίλοχον
1389 2416 1411 2504 ἢ

300 2531 421 2611 μᾶλλον
441 2523 633 2614 Ἀρχιλόχου
656 2530 802 2612 πίθηκον,
832 2523 867 2603 ός
889 2526 964 2612 πρίν
985 2519 1007 2612 ἢ
1026 2529 1144 2607 μαθεῖν
1165 2514 1282 2588 ἄπονον
1305 2521 1409 2589 οἴεται

304 2836 382 2891 ulmis
400 2834 516 2889 refertos
536 2852 597 2890 esse
617 2838 709 2905 proris
728 2836 900 2906 opinionibus
919 2838 1023 2891 diceret
1043 2845 1070 2890 et
1086 2837 1139 2890 nisi
1158 2836 1192 2890 ab
1208 2836 1270 2890 aliis
1291 2835 1409 2905 quibus.

304 2912 364 2964 dnm
381 2907 622 2977 interpolantibus
642 2924 740 2962 nornen
761 2911 819 2964 eius
837 2911 994 2979 inscriptum
1014 2917 1086 2964 esset
1097 2909 1182 2974 libris,
1204 2910 1328 2978 ignotum
1338 2908 1409 2962 illud

304 2996 456 3034 mensurum
477 2981 578 3046 luisse;
595 2995 650 3033 non
671 2989 760 3034 temen
781 2980 844 3034 libri
865 2982 933 3048 ipsi;
961 2982 1006 3051 qui
1024 2997 1122 3035 revers
1141 2981 1248 3050 quidem
1269 2989 1410 3034 exstarent

305 3054 353 3107 sed
371 3069 424 3106 une
447 3069 505 3104 curn
526 3053 567 3104 his
586 3069 682 3105 nornen
704 3055 763 3107 eius
782 3053 960 3106 obiiciendum
986 3070 1046 3106 esse
1066 3061 1093 3105 et
1111 3054 1339 3106 annumerandum
1361 3068 1408 3104 re.

303 3124 387 3195 liquis
406 3125 561 3177 haereticis.

318 3213 323 3220 ’
406 3221 580 3286 Οοοαυοιλοο
599 3229 688 3274 tentae
706 3221 788 3290 plenu
806 3221 951 3290 impietnlis
970 3239 1048 3292 quum
1062 3221 1195 3292 Gregoros
1215 3223 1336 3274 audisset
1356 3239 1407 3276 ve.

308 3293 448 3346 humentes
468 3294 557 3344 animo
577 3293 718 3361 perculsus
737 3303 778 3346 est
799 3303 827 3346 et
844 3295 974 3347 obmutuit
991 3309 1038 3361 per
1057 3294 1165 3361 longum
1179 3293 1408 3346 horaeinteml.

309 3365 374 3421 lum.
411 3371 439 3415 ot
458 3364 556 3418 deinde
574 3366 662 3416 nnimo
683 3373 711 3415 et
729 3366 820 3418 divino
839 3367 1046 3434 condignstionc
1075 3365 1200 3433 impletus
1221 3367 1304 3417 vertit
1330 3381 1361 3418 se
1381 3367 1409 3416 in

309 3435 523 3492 Gnntncunennm
542 3436 634 3488 verbis
653 3435 743 3488 hisce:
768 3452 816 3488 cur
834 3452 889 3490 non
909 3447 1022 3490 aetutem
1041 3437 1106 3488 rnihi
1131 3438 1196 3489 sinis
1215 3435 1410 3505 tranquillum?

200 3533 221 3546 -
309 3523 357 3559 cur
377 3521 484 3573 semper
505 3507 612 3560 haeresi
630 3515 675 3560 tus
693 3509 827 3576 inquietos
846 3525 889 3560 me
907 3525 996 3578 neque
1015 3511 1151 3561 succurris
1168 3508 1234 3560 rnihi
1254 3510 1299 3576 qui
1318 3515 1408 3560 aetate

308 3581 361 3632 ium
381 3579 519 3631 conlectus
537 3595 594 3631 sum
614 3586 642 3630 et
660 3594 741 3645 quum
759 3587 832 3633 tonte
850 3595 920 3633 nune
940 3582 1090 3633 dominetur
1108 3579 1237 3633 miserie?
1263 3596 1310 3631 cur
1328 3580 1408 3632 modo

309 3652 373 3705 hinc
390 3651 469 3702 modo
494 3650 704 3720 illincmnquem
724 3651 828 3703 insidiis
847 3659 873 3702 et
888 3647 1001 3705 latebris
1018 3651 1146 3704 exsiliens
1165 3652 1230 3703 mihi
1249 3666 1303 3703 non
1325 3652 1408 3703 exod-

309 3739 405 3777 versus
425 3723 539 3776 irontcm
558 3739 642 3775 meum
660 3721 761 3774 bellurn
780 3720 878 3790 peresi
914 3739 1003 3794 neque
1028 3723 1104 3774 locus
1128 3738 1217 3792 nequo
1237 3732 1342 3791 tempus
1370 3729 1410 3774 est

310 3810 363 3864 quo
382 3810 436 3846 non
458 3793 681 3848 insolentissimos
702 3801 761 3846 tuos
781 3795 943 3847 tentationes
962 3797 989 3846 in
1010 3811 1053 3846 me
1072 3803 1170 3847 vertes.
1209 3811 1256 3846 cur
1280 3795 1408 3847 indivisa

312 3868 435 3934 dogmate
452 3868 530 3918 modo
549 3867 598 3918 hos
617 3866 694 3917 modo
714 3863 778 3918 illos
799 3865 1049 3934 exstruisOlympos
1062 3875 1097 3918 et
1106 3866 1248 3918 Pornossos
1269 3874 1409 3918 contume-

313 3938 409 3990 liorum
430 3952 445 3989 a
474 3945 501 3988 te
523 3938 693 3989 confictorum
715 3944 742 3987 et
760 3952 821 3988 sero
841 3945 928 3989 tumen
946 3940 1044 3990 frustra
1063 3939 1289 4007 excogitatarum·
1309 3939 1410 4006 quidin

311 4015 423 4064 sanctos
437 4015 526 4074 potres
545 4023 650 4075 semper
670 4009 736 4059 lecit
754 4007 865 4061 loreas.
893 4025 962 4078 quoe
980 4009 1040 4062 solo
1060 4018 1105 4061 tuo
1129 4009 1244 4060 consilio
1264 4010 1409 4061 fodiuntur.

311 4097 359 4133 cur
380 4096 414 4132 ex
431 4087 552 4146 tempore
571 4080 599 4132 in
618 4081 737 4134 divinum
756 4087 857 4147 putrem
877 4079 953 4133 illum
973 4088 1000 4132 et
1019 4089 1220 4149 praeceptorem
1230 4081 1411 4166 sapientiem..

310 4167 391 4217 mum,
409 4165 510 4206 norum
528 4133 637 4205 instruis
654 4149 847 4206 Archilochum
866 4152 912 4204 vel
930 4154 1020 4220 potius
1037 4151 1196 4207 Archilochi
1214 4154 1340 4218 simism3
1366 4152 1412 4222 qni
