3017 4759
273 241 496 315 nrsroarrn
521 230 1006 315 summramxxvutt.
1031 229 1101 314 ti.
1163 234 1234 317 tta

136 407 194 478 καί
221 411 267 497 ιὀλι
288 416 497 498 ψηφίσματα·
541 403 593 497 cir}
616 408 766 497 ἆρρεπεῖς
798 404 850 479 τὸν
879 406 1003 478 ἅπαντα
1031 412 1146 497 χρόνον
1182 414 1237 479 καί

136 512 236 603 using
281 512 522 596 αἰιαιιηλευτους
561 512 620 587 τάς
649 519 710 597 ’τῆς
753 516 840 598 δίνης
878 511 1004 597 &noyers
1044 514 1236 597 πλάστιγγος

137 620 249 697 θαῦμα
270 617 314 701 τῷ
335 618 395 703 βίῳ
411 622 527 697 γίνεται
548 609 693 700 μεῖζονῆ
715 615 796 681 κατὰ
812 616 911 681 πάντα
933 617 1056 681 δίκαιον
1074 608 1245 698 ’Aproni--¹

137 718 204 801 δην,
225 722 278 780 καλ
301 716 398 779 πᾶσιν
415 716 522 789 υλπλιός
545 713 747 799 περιλάλημα
764 720 953 781 καθίσταται
974 713 1152 799 κράτιστον,
1175 716 1215 777 ου’
1213 740 1237 797 χ

110 814 310 905 δέμοφύλοις
333 813 440 901 μόνον,
461 819 533 881 αλλ’
553 812 614 901 ἤδη
637 820 692 883 καί
711 817 743 893 ές
773 819 810 883 τὰ
841 823 986 903 περίοικα
1006 823 1069 882 τῶν
1090 814 1235 900 έθνῶνῆ
1278 812 1282 817 ’

136 918 228 1004 φήμη
251 921 440 1000 διέδραμεν,
469 915 627 1003 αἰιηραιον
651 924 796 1005 φέρουσα
825 917 859 983 ro
891 917 1006 1000 σεμνὸν
1028 920 1083 1001 τῆς
1114 918 1235 993 αἰδοῦς.

137 1018 189 1085 διὰ
212 1016 251 1102 (λη’
285 1022 388 1084 ταῦτα
418 1018 473 1083 καί
500 1024 696 1106 σονένιλημον
726 1021 745 1105 ἦ
776 1020 903 1103 βασιλίς
940 1023 972 1095 ές
1002 1002 1301 1103 Διδυμότειχονη

136 1117 237 1207 ἑαυτῇ
258 1123 409 1203 γενέσθαι
439 1124 596 1185 τῶνκαθ’
619 1121 717 1187 coris
745 1128 988 1207 προτετίμηκεν,
1018 1116 1061 1193 οἷς
1084 1112 1237 1202 adsparsa

138 1227 193 1286 καί
214 1218 374 1305 αιίτόπτης
398 1224 468 1286 ἐκεῖ
483 1222 648 1306 γενόμενος
668 1228 722 1289 καί
754 1221 986 1298 cristescirce
1015 1220 1052 1307 (λη’
1078 1225 1237 1306 λεχθηοο·

92 1326 240 1405 ίθμένιον
262 1325 317 1386 καί
330 1327 606 1410 πραχθησομένων
626 1329 749 1409 γένοιτο
770 1330 823 1390 καί
837 1322 960 1408 μάρτυς
974 1322 1236 1406 αἰιαροὶγραπτος.

137 1427 236 1489 έκεῖσε
258 1428 364 1488 τοίνυν
388 1424 408 1509 ἦ
430 1425 558 1508 βασιλίς
576 1431 725 1511 γινομένη
758 1423 846 1491 πάντ’
868 1425 975 1509 ἔλεγεν
999 1418 1045 1498 οἷς
1067 1448 1099 1488 τε
1123 1428 1238 1505 ἐμφω-

136 1522 240 1591 triam
261 1525 388 1591 ὑπενόει
408 1525 465 1610 τη’ν
485 1532 544 1592 τοῦ
566 1534 688 1593 πείθειν
708 1528 826 1611 ἰσχύν,
855 1530 910 1591 κατ’
931 1522 978 1601 οἷς
1000 1530 1057 1589 ουίι
1078 1524 1236 1612 ἐφεδρεί-

136 1648 183 1687 ειν
204 1618 271 1707 εἶχε
294 1626 488 1709 σκυθρωπόν
501 1629 606 1709 ου’δέυ,
629 1631 692 1692 τῶν
704 1627 914 1710 ἐπιτιμήσεων
936 1622 1054 1711 ἥμερόν
1075 1650 1145 1690 τινα
1160 1623 1235 1707 τρό-

136 1752 193 1792 πον
224 1728 446 1813 ένδεικνυμένη
482 1736 527 1821 τῷ
563 1737 622 1818 νέιρ
659 1728 716 1813 την
751 1728 876 1813 ἡλικίαν
908 1734 1049 1813 βασιλεῖ,
1080 1726 1235 1816 μητριιιην

92 1838 125 1893 15
134 1827 309 1912 εἰσάγουσα
331 1854 397 1903 πως
419 1830 508 1922 αὐτῷ
539 1832 597 1916 τὴν
620 1831 816 1914 παραίνεσιν.
870 1829 908 1895 τοὶ
933 1834 968 1897 δὲ
990 1823 1038 1915 ἦν,
1060 1829 1104 1907 ὥς
1127 1834 1160 1896 έν
1182 1854 1235 1893 κε-

136 1933 264 2020 φαλαίῳ
278 1928 388 2014 φάναι,
414 1942 621 2016 παραχωρεῖν
633 1933 686 1997 τὸν
701 1933 846 2016 γαμβρὸν
864 1935 919 1999 καί
936 1936 1071 2014 βασιλέα
1087 1938 1237 1998 Παλαιο-

134 2031 225 2116 λόγον
245 2027 356 2097 ἑκόντα
379 2036 543 2122 Ματθαίρ
565 2038 608 2121 τῷ
627 2039 873 2123 ηυναικαδέλριρ
900 2032 957 2117 την
988 2038 1020 2113 ἐξ
1036 2034 1236 2115 Ὀρεστιοὶδος

124 2126 212 2219 ,ἄχρι
236 2132 358 2219 Βιζιίης
386 2135 467 2217 μετά
489 2159 525 2219 ys
559 2140 622 2200 τῶν
643 2130 839 2217 ἑκατέρωθεν
869 2134 998 2219 χωρίων
1028 2135 1084 2197 καί
1114 2131 1236 2197 πόλεων

132 2236 190 2318 γῆν
222 2235 386 2325 ου’τονόμηι
412 2239 567 2317 νέμεσθαι
597 2236 778 2323 δεσποτείρι,
809 2236 908 2299 αὐτὸν
943 2236 973 2299 d'
1003 2232 1089 2317 ἔχειν
1121 2231 1178 2316 τήν
1198 2236 1232 2298 εἰι

89 2338 368 2419 λθΔιουμοτείχου
396 2341 493 2420 μέχρι
524 2338 779 2420 Θεσσαλονίκης,
815 2336 869 2400 τὸν
906 2339 941 2401 δέ
971 2334 1082 2403 καινόν’
1110 2337 1231 2422 α’μφοῖν

133 2440 257 2519 πατέρα
288 2439 553 2524 Κανταιιουζηνόν
580 2440 634 2504 τόν
659 2442 796 2520 βασιλέα
831 2437 869 2503 τὰ
901 2439 1071 2518 λειπόμενα
1104 2436 1184 2520 μετὰ
1207 2440 1231 2479 ‘¹
1242 2448 1261 2502 i.
1274 2446 1361 2503 tetta

133 2541 189 2622 τῆς
207 2541 440 2624 βασιλευούσης
454 2544 516 2604 τῶν
537 2536 659 2607 πόλεων
676 2541 775 2625 μέχρι
797 2543 957 2626 τελευτῆς,
979 2535 1032 2605 ὅτε
1053 2538 1109 2604 καί
1128 2538 1233 2605 αὐτῶν
1324 2566 1361 2613 Δς

136 2870 250 2925 consilia
268 2886 300 2923 ac
318 2872 427 2923 decreta
445 2870 618 2924 administrat.
655 2888 789 2942 quumque
807 2886 856 2941 per
873 2886 978 2925 omnem
995 2877 1109 2925 aetatem
1127 2887 1233 2939 semper

133 2944 254 2997 institiae
273 2958 351 3012 quarn
371 2942 463 2994 dicunt
482 2945 579 2996 trutina
597 2960 641 2996 res
659 2952 734 2996 recte
760 2951 787 2996 et
806 2946 864 2997 sine
884 2943 976 2996 fraude
996 2944 1129 2996 examinet
1145 2945 1231 2995 maio.

133 3031 190 3068 rem
208 3015 342 3067 bominum
370 3014 569 3067 admirationem
593 3018 679 3068 movit
708 3032 787 3085 quam
812 3017 896 3067 iustus
921 3014 971 3067 ilie
993 3015 1141 3079 Aristides,
1160 3022 1187 3065 et
1203 3016 1232 3067 in

134 3102 182 3139 ore
201 3088 316 3138 omnium
337 3094 449 3138 estnon
468 3086 555 3139 solum
577 3088 727 3139 concivium
751 3088 798 3139 sed
819 3088 896 3139 etiam
915 3087 984 3153 apud
1000 3087 1118 3137 contines
1137 3093 1232 3153 genter

134 3158 204 3210 fama
222 3158 279 3209 eius
298 3158 465 3225 percrebruit
484 3165 511 3209 et
536 3174 628 3210 omnes
647 3160 748 3225 paritet·
767 3159 819 3210 viri
841 3158 919 3210 huius
948 3158 1111 3210 verecundia
1128 3157 1231 3211 imbuit.

134 3238 296 3299 quapropter
317 3231 396 3281 etiam
416 3230 510 3299 regina
529 3246 608 3298 quum
627 3228 841 3297 Didymoticbum
866 3230 1084 3297 proficisceretur
1103 3244 1161 3281 eum
1180 3229 1231 3282 sibi

133 3302 256 3354 comitem
275 3316 335 3352 esse
351 3301 439 3354 voluit
457 3310 485 3354 ut
503 3301 612 3353 nuribus
641 3309 668 3351 ct
686 3300 772 3352 oculis
792 3317 860 3369 quae
881 3301 917 3353 ibi
946 3302 1098 3353 dicerentur
1119 3310 1146 3353 et
1163 3318 1232 3371 age.

132 3380 226 3425 rentur
250 3372 409 3426 observaret
428 3382 455 3425 et
472 3388 576 3425 omnem
592 3372 684 3425 arbitri
704 3375 889 3425 auctoritatem
908 3372 1028 3425 haberet.
1065 3374 1160 3440 regina
1180 3388 1231 3425 au.

132 3452 186 3495 tem
206 3459 286 3511 quum
307 3459 339 3495 eo
359 3446 480 3496 venisset
507 3446 595 3495 omnia
613 3459 789 3511 quaecunque
813 3446 845 3496 ad
867 3444 1076 3512 persuadendum
1096 3445 1231 3510 aptissima

134 3514 243 3582 putabat
260 3515 372 3582 protulit
394 3526 421 3568 et
437 3516 482 3567 nbi
496 3518 616 3586 graviter
627 3516 770 3583 obiurgare
791 3523 818 3567 et
834 3530 888 3567 non
907 3516 985 3567 licuit
997 3529 1088 3583 regem
1106 3516 1230 3567 invenem

133 3586 219 3637 amice
247 3601 279 3638 ac
310 3586 416 3654 placide
446 3589 570 3640 tractavit
594 3589 631 3638 ita
665 3594 693 3637 ut
725 3588 815 3638 matris
848 3603 922 3639 more
952 3586 1142 3655 quodammodo
1172 3602 1231 3638 eum

133 3655 327 3722 obiurgaverit.
364 3659 452 3711 voluit
470 3668 568 3722 autem,
587 3668 733 3710 utrumme
752 3660 876 3722 reiciam,
903 3659 1019 3709 haecce:
1037 3664 1066 3707 ut
1085 3656 1231 3709 Pnlncolo.

132 3742 183 3797 gns
202 3741 287 3794 gener
306 3736 333 3779 ct
351 3745 399 3781 rex
417 3746 465 3781 sua
484 3739 580 3799 sponte
597 3732 689 3781 uxoris
714 3730 791 3781 fratri
809 3730 942 3783 blatthaeo
968 3729 1089 3797 regionis
1107 3728 1141 3779 ab
1160 3732 1231 3781 (tre-

131 3797 216 3853 stiade
235 3802 371 3866 usquead
392 3802 495 3868 Bizyen
514 3803 671 3869 pertinentis
692 3817 744 3853 una
764 3818 823 3854 cum
841 3801 910 3853 locis
930 3809 957 3852 ct
974 3801 1083 3853 urbibus
1103 3800 1135 3851 ab
1155 3810 1230 3853 utra.

132 3878 185 3939 que
203 3876 280 3935 parte
298 3870 367 3934 sitis,
386 3887 511 3923 summam
529 3882 687 3941 potestatem
706 3874 884 3937 concederet,
904 3874 962 3940 ipse
981 3880 1069 3924 autem
1091 3874 1230 3941 regionem

131 3958 147 3994 a
170 3940 359 4007 Didymoticho
386 3958 471 4010 usque
501 3946 533 3996 ad
560 3944 776 3997 Thessalonicam
812 3945 1042 3997 administrandam
1071 3946 1230 4011 susciperet.

131 4011 251 4080 reliquas
279 4026 371 4062 omnes
400 4014 526 4080 regiones
560 4030 612 4065 una
638 4032 695 4067 curn
720 4017 796 4085 regin
824 4023 957 4083 potestate
983 4018 1122 4083 utriusque
1154 4022 1231 4083 pater

132 4084 336 4138 Cantacuuenus
354 4084 505 4149 possideret
523 4101 607 4153 usque
625 4088 658 4138 ad
678 4088 788 4139 obitum.
831 4087 929 4140 deinde
947 4086 1125 4153 Palaeologus
1153 4084 1230 4137 buius

129 4155 236 4227 imperii
255 4169 397 4211 successor
413 4154 499 4233 iiorot.
535 4164 564 4209 to
588 4158 686 4225 igitur,
713 4160 795 4225 dixit,
830 4167 938 4227 oportet
962 4159 1150 4216 contrement
1168 4164 1230 4215 ten·
1334 4216 1343 4223 ,
