3017 4759
115 248 120 257 ·
172 206 191 301 ’,
283 186 545 351 'Hieromus
572 219 832 297 nrznuuuan
845 188 1029 302 aruit.
1187 220 1236 298 oo
1313 260 1373 303 ,ι

136 391 290 481 αἰγορμάς
311 390 438 474 ὁμιλίας
460 386 565 477 δ’σπέρ
589 386 648 458 ὅσα
669 396 724 477 τῆς
747 395 900 479 ἐκδημίας
923 396 979 479 τῆς
998 395 1057 479 σῆς
1077 396 1236 477 α’ναγιιαῖα

136 498 175 582 τῇ
191 484 294 580 1φάσει
316 495 371 577 τῆς
396 491 539 577 ἱστορίας
561 496 698 558 ποθοῦσι
717 500 879 577 παρέσχες
890 500 1097 579 πατριαρχαῖν
1108 498 1236 577 τε,πίρι

137 600 193 660 καί
213 592 391 659 ἐπισκόπων
414 596 477 658 τῶν
498 596 643 683 πανταχῇ
659 593 713 678 την
735 596 908 679 δρθδδοξον
928 594 1110 680 τηρούντων
1131 593 1238 661 πίστιν

138 701 193 761 καί
215 692 282 775 ἅμα
315 699 418 783 γυμνῇ
441 694 650 759 διδασκόντων
672 698 712 785 τῇ
735 697 856 784 κεφαλῇ
882 695 920 761 τά
944 701 1000 779 τῆς
1022 698 1184 778 εὐσεβείας
1205 693 1239 761 ἐν

110 804 247 881 5μέσοις
271 794 377 860 ἔθνεσι
401 793 564 879 δόγματα,
588 788 671 861 οὕτω
704 795 760 860 κατ’
779 803 834 861 νῦν
853 793 934 876 μετά
963 794 1022 881 τὴν
1043 794 1075 871 ἒς
1096 798 1135 863 τά
1160 794 1237 862 οἴκοι

137 897 309 977 ἐπάνοδον,
330 891 390 961 ὅσα
420 898 581 981 δήπουθεν
607 898 910 982 ηἰιηιιάειςένταῦδα
931 896 1010 982 πρδς
1032 922 1094 963 των
1115 902 1239 962 πολλάν

138 992 257 1079 άναμίξ
273 1000 329 1061 καί
341 999 407 1086 ἰδίρι
420 1001 495 1082 περί
506 1022 537 1063 τε
552 1002 604 1081 τῆς
623 1001 790 1084 γενομένης
810 999 897 1083 παρά
918 1004 982 1065 τῶν
1001 1004 1056 1085 τῆς
1074 994 1238 1081 εὐσεβείας
1257 1081 1260 1088 ἱ

139 1099 282 1163 διωκτάν
296 1102 464 1185 λῃστρικῆς
479 1103 553 1163 καθ’
568 1099 659 1183 ἡμῶν
675 1101 822 1183 συνόδου,
839 1101 894 1165 καί
906 1101 967 1166 ὅσα
981 1106 1055 1185 περί
1065 1103 1128 1165 τάν
1142 1097 1238 1164 θείων

137 1196 301 1283 δογμάτων
322 1204 382 1289 τῆς
411 1201 575 1283 εἰικλησίσις
599 1197 763 1277 ἐνστάντος
791 1203 881 1286 ἡμεῖς
909 1202 1155 1285 δπεπάνθειμεν,
1184 1202 1239 1265 καί

94 1297 225 1378 τράπως
257 1305 431 1377 διαθέσεως
459 1300 589 1384 ἔχουσιν
619 1300 708 1386 ἡμῶν
738 1328 774 1386 γε
806 1306 909 1370 εἵνεκα
935 1304 975 1369 τά
1010 1300 1152 1390 διάφορα
1177 1305 1239 1370 τάν

140 1408 296 1468 πλείστων
318 1396 403 1487 ἤδη,
425 1395 493 1467 ὅσοι
515 1428 547 1468 τε
570 1410 632 1470 τάν
654 1406 856 1490 εὐπατριδῶν
885 1410 938 1471 καί
960 1400 1027 1471 ὅσοι
1048 1407 1112 1470 τάν
1135 1399 1239 1479 άλλως

139 1500 239 1589 τύχης
262 1526 296 1566 τε
325 1506 379 1565 καί
407 1507 515 1583 γένους
545 1504 598 1569 καί
627 1511 783 1581 συνέσεως
817 1505 974 1589 ἑχόντων,
1005 1506 1073 1569 τίδ’
1107 1498 1146 1567 άν
1168 1506 1240 1581 ον’δ’
1288 1534 1296 1546 ,

141 1604 239 1679 τιν’τός
262 1628 296 1686 γε
323 1602 494 1689 ’ὀκνήσαιμι
529 1604 567 1670 τά
596 1609 703 1673 εἰκότα
726 1631 777 1672 σοι
806 1609 1050 1693 α’ποκρινεσθοιι,
1072 1603 1154 1670 died
1175 1604 1241 1687 μην

141 1704 319 1787 ἀρρωστίας
343 1708 398 1769 καί
418 1704 562 1786 οἲθυμιάς
594 1706 720 1791 άπάσης
740 1706 915 1791 ὑπέρτερον
934 1710 1065 1791 πρᾶγμα
1090 1710 1182 1790 θείην
1202 1700 1242 1770 άν

31 1836 32 1841 ’
97 1822 132 1875 15
142 1802 239 1890 ἔγωγε
261 1805 315 1889 τὴν
336 1803 396 1891 ση“ν
419 1806 525 1891 ἀκοήν.
568 1810 626 1893 εἶφ’
649 1798 687 1871 οὗ
709 1805 769 1890 γάρ
791 1805 849 1885 τάς
872 1796 1025 1893 ἡμετέρας
1042 1813 1139 1873 πᾶσιν
1160 1810 1242 1871 άπε-

142 1914 270 1971 κλεισαν
295 1904 399 1990 δυ’ρας
430 1904 459 1970 οἱ
481 1911 535 1993 τῆς
558 1908 721 1990 εὐσεβείας
744 1910 800 1971 καί
828 1908 919 1992 ἡμῶν
940 1908 1060 1993 δήμιοι,
1084 1907 1123 1973 σά
1145 1907 1242 1978 δεδά-7

145 2011 247 2093 νημαί
264 2031 294 2071 τι
314 2012 417 2095 σαφὲς
436 2013 510 2095 περί
527 2007 767 2077 τῶντοιούτων
787 2014 905 2092 μαθεῖν
925 2011 1018 2076 ου’δδν
1039 2009 1168 2097 οδδαμῇ
1190 2032 1240 2073 πω
1333 2035 1339 2058 s

142 2115 241 2193 μέχρι
263 2110 318 2175 καί
336 2110 493 2196 τήμερον,
517 2114 541 2151 ’ί
560 2110 615 2177 καί
636 2112 755 2194 γίνεταί
774 2134 830 2193 μοι
860 2112 914 2175 διά
937 2115 1083 2195 πλείστης
1101 2113 1271 2195 ἐφίαεωςί.
1288 2122 1372 2177 totu.
1459 2094 1466 2110 s

144 2212 165 2294 ἡ
188 2211 305 2276 τούτων
325 2211 414 2292 μάλα
435 2216 470 2295 γε’
493 2238 523 2277 τι
538 2216 663 2296 γνῶσις.
707 2211 878 2293 άναλαβών
893 2206 952 2277 οδν
970 2235 1028 2294 μοι
1049 2214 1119 2293 λίγε
1141 2214 1244 2273 ταῦτα

98 2315 247 2385 2οπάντα
274 2316 348 2385 καθ’
383 2314 536 2393 ἕκαστον,
571 2316 755 2397 προστιθείς
776 2315 831 2376 καί
849 2310 903 2378 τόν
935 2310 1047 2398 καιρὸν
1068 2308 1149 2394 ὅμοῦ
1170 2312 1244 2376 καθ’

146 2410 183 2479 δν
207 2435 241 2481 τε
273 2413 370 2489 αδίὸς
399 2417 432 2491 ἐς
460 2412 640 2494 Βυζάντιον
670 2406 759 2500 ἧκες,
788 2415 844 2481 καί
868 2414 947 2502 πρός
967 2439 1002 2500 γε
1033 2412 1081 2480 ἔτι
1111 2415 1184 2477 καθ’
1207 2408 1244 2477 δν

147 2518 264 2583 ἕκαστα
287 2513 404 2581 τούτων
426 2507 580 2599 άκηκοας,
616 2515 658 2591 uic
681 2507 721 2582 άν
744 2520 820 2583 καθ’
839 2515 951 2605 εἱρμδν
971 2520 1094 2583 εἰιεῖθεν
1115 2511 1246 2581 κατιού-

148 2840 189 2893 his
208 2840 362 2893 viventibus
382 2840 485 2893 coelum
509 2855 635 2894 serenare
653 2848 816 2911 nostraeque
836 2841 946 2909 linguae
964 2840 1066 2911 largam
1094 2840 1244 2895 libertatem

149 2911 394 2976 donare‘roluerit,
416 2912 491 2964 nulia
507 2928 570 2978 res,
591 2915 704 2981 opinor,
726 2930 741 2965 a
760 2931 802 2965 me
825 2913 934 2966 silentio
955 2921 1027 2964 tecta
1045 2915 1243 2979 praetermitte.

148 2994 199 3036 tur.
221 2985 273 3033 iarn
289 2998 363 3048 vero,
386 2986 409 3035 si
426 2985 505 3036 nobis
519 3002 599 3049 nnuc,
621 2994 650 3037 ut
670 3001 703 3037 ex
721 2986 940 3053 peregrinatione
957 2992 1011 3048 tua,
1029 2999 1098 3051 quae
1117 2984 1245 3036 historiae

149 3064 261 3107 naturae
283 3063 363 3122 atque
383 3054 469 3107 indoli
491 3059 677 3120 convenirent,
698 3056 867 3123 cupientibus
888 3054 966 3107 nobis
988 3055 1136 3122 exposuisti
1155 3056 1245 3123 depa.
1313 3077 1318 3087 ⁴

149 3126 272 3178 triorchis
289 3134 315 3177 et
337 3127 470 3193 episcopis
491 3128 591 3195 ubique
610 3135 739 3180 terrarum
762 3127 935 3179 orthodoxam
953 3126 1031 3178 fidem
1058 3127 1193 3179 tuentibus
1219 3134 1247 3178 et

149 3198 219 3249 nudo
240 3200 328 3264 capite
346 3198 374 3247 iu
393 3199 486 3250 mediis
500 3199 647 3267 gentilibus
669 3200 776 3265 pictatis
794 3200 917 3267 dogmata
934 3198 1111 3269 docentibus,¹
1125 3200 1163 3250 ita
1184 3214 1245 3252 ser-

149 3285 255 3321 monem
276 3269 357 3320 ordiri
377 3269 447 3321 veiis
468 3272 501 3322 de
523 3272 555 3321 iis
578 3270 667 3334 rebus„
688 3286 861 3339 quascunque
879 3271 993 3337 hicpost
1010 3270 1122 3331 reditum
1145 3273 1173 3323 in
1195 3286 1246 3339 pa.

149 3343 225 3393 triam
246 3341 398 3407 promiscue
419 3358 452 3392 ex
473 3341 555 3409 vulgo
577 3350 603 3392 et
621 3343 732 3408 privatis
759 3343 895 3394 audiveris
919 3358 999 3410 quum
1022 3343 1056 3393 de
1080 3344 1246 3410 praedatoria

149 3413 251 3479 syuodo
274 3412 307 3463 ah
329 3412 462 3465 ccclesiae
482 3413 697 3479 persecutoribus
718 3415 745 3464 in
763 3430 812 3466 nos
832 3423 942 3478 coacta,
970 3422 1024 3465 tum
1047 3415 1111 3482 quid
1130 3430 1180 3466 uos
1201 3430 1247 3466 sa.

151 3492 349 3537 crosanctorum
370 3484 503 3536 ecclesiae
523 3484 673 3552 dogmatum
688 3486 845 3538 defensores
866 3487 987 3553 perpessi
1001 3485 1093 3549 simus,
1115 3487 1246 3555 quomodo
1286 3525 1293 3542 ,

151 3557 266 3623 deniqne
287 3556 356 3607 varii
378 3555 512 3606 homiuum
531 3557 610 3607 animi
633 3558 692 3609 sive
710 3557 841 3609 nobilium
859 3559 919 3610 sire
928 3557 982 3608 alia
1000 3558 1115 3621 icauna,
1134 3571 1247 3624 genere,

150 3628 289 3695 prudentia
311 3629 440 3678 utentium
460 3636 550 3679 nostra
569 3634 647 3681 causa
669 3629 756 3680 uiiccti
776 3631 838 3694 sint,
860 3638 914 3680 tum
930 3644 966 3679 ne
988 3643 1039 3695 ego
1058 3629 1163 3695 quidem
1185 3642 1247 3680 ees-

152 3699 277 3761 euveum,
299 3716 367 3767 qnae
387 3707 448 3765 apin
467 3708 537 3763 suut,
555 3700 603 3751 tibi
622 3701 786 3767 respondere
805 3708 831 3751 et
852 3700 898 3751 vel
919 3698 1081 3752 valetudinis
1094 3696 1248 3752 imbecilli.

149 3778 206 3823 tate
231 3771 362 3837 animique
383 3771 551 3838 aegritudine
571 3772 722 3837 posthabita
749 3780 820 3823 tuarn
843 3772 935 3823 audire
959 3772 1148 3823 narrationem.
1195 3788 1247 3842 quo

151 3842 222 3895 cuins
243 3856 275 3891 ex
294 3849 413 3908 ternpore
432 3852 536 3894 nostras
556 3844 628 3895 fores
649 3844 770 3896 omnibus
789 3842 944 3895 clauserunt
961 3845 1046 3894 nostri
1069 3851 1096 3895 et
1115 3843 1249 3897 ecclesiae

150 3914 300 3976 carnifices,
319 3913 387 3964 nihil
406 3916 513 3965 omnino
536 3916 569 3965 de
588 3914 685 3968 talibus
704 3915 784 3968 rebus
803 3930 889 3982 usqne
907 3915 941 3965 ad
959 3914 1029 3966 hunc
1048 3916 1117 3969 diem
1136 3931 1248 3967 accusa.

152 3986 205 4036 tius
224 3986 331 4037 discere
353 3986 439 4051 potui,
459 4002 614 4054 quamquam
636 4004 726 4057 earnm
747 3988 866 4055 cognitio
892 3988 1004 4039 maxime
1020 3986 1086 4039 mihi
1106 3988 1134 4038 in
1152 3986 1249 4053 optatis

154 4065 204 4109 est.
251 4058 283 4108 ad
304 4058 470 4124 propositum
489 4058 571 4125 igitur
592 4074 731 4128 regressus
752 4060 839 4111 omnia
857 4058 922 4111 mihi
949 4058 1103 4129 siugulatim
1123 4070 1249 4125 exponas,

153 4128 241 4181 addito
265 4129 344 4181 etiam
363 4137 492 4196 ternpore,
514 4129 730 4197 quouynanuum
749 4131 862 4186 redieris
880 4139 907 4184 et
927 4147 979 4200 quo
1000 4132 1117 4200 quidque
1137 4128 1251 4183 andire-
