3017 4759
193 324 415 397 nrsromsu
441 321 703 396 ormnnutn
722 327 862 396 xxvrrr.
879 310 1072 398 'ts-50.
1120 330 1194 413 ooo

93 490 150 555 κατ’
168 488 222 554 αἰί
240 490 457 575 γενησομένων
479 484 623 569 ἐκβάσεις
643 486 842 573 πορεύεσθαί
855 506 890 555 τε
913 495 969 557 και·
988 482 1196 577 άτὲκμάρτοις

94 586 255 680 α’νθροάπρι
279 593 375 656 παντὶ
395 586 560 654 δουλεύειν
580 589 701 672 τάχαις.
725 593 756 657 εἰ
776 584 834 655 οάν
857 585 941 657 οὕτω
957 597 1060 657 ταῦτα
1079 593 1135 658 κατ’
1158 593 1195 659 τὸ

95 691 146 775 ἐφ’
168 686 246 775 ἡμῖν
261 695 296 757 dx
308 691 412 773 μέσον
430 692 559 774 χωροῦν
575 688 654 774 πρὸς
669 690 832 773 α’βάσσονς
846 693 985 759 κάτεισιν
999 692 1196 776 άννπαρξιάς
1248 696 1265 743 —'·

94 795 272 876 πυθμένας,
286 794 332 867 τίς
344 814 472 877 μηχανιγ
488 814 544 857 τον
560 816 635 874 εμον
649 792 852 877 εξαιρήσεται
867 800 990 879 πατέρα
1004 792 1049 877 μὴ
1066 797 1145 877 δράν
1159 788 1197 859 τά

69 888 176 975 σπρός
191 893 248 975 τῆς
263 893 440 975 άναγκαάας
453 896 654 973 κεκλασμένα
670 887 782 978 τύχης,
806 892 861 960 καί
876 890 961 971 οὕτω
977 900 1036 978 μέν
1053 894 1197 977 τάρισμέ-

92 1017 156 1072 κως
176 997 420 1078 προεγνωσμένα
439 996 524 1079 θεῷ,
540 988 640 1059 οὕτω
665 997 694 1058 δ’
717 990 761 1069 ὥς
791 998 1011 1080 προεγνιάσθαι
1046 1000 1197 1078 συμπέπ-

97 1117 178 1161 τωκε
197 1094 348 1178 γινόμενα
369 1097 410 1180 τῇ
432 1097 575 1184 ιιρονοιρι,
595 1088 679 1161 orirer
701 1097 731 1159 δ’
751 1088 796 1159 cd
816 1095 1034 1181 γινωσκόμενα
1048 1098 1194 1185 καθάπερ

97 1188 239 1281 άριστιιέ
255 1218 290 1260 τε
322 1195 377 1259 κατ’
396 1197 544 1276 γίνεσθαι
578 1199 702 1282 πέφυκε
736 1192 817 1282 πρὸς
850 1202 906 1283 τῆς
936 1190 1000 1264 άνω
1031 1198 1194 1283 προνοεάς,

98 1294 215 1363 rasistis
237 1301 267 1360 δ’
289 1299 390 1362 εἰπεῖν
411 1299 466 1379 τῆς
487 1296 662 1380 α’ναγκαιάς
683 1298 824 1381 άγδμενα
847 1296 958 1383 ιάχης.
1013 1299 1264 1381 αάτάματονὸο

53 1409 88 1463 10
97 1396 159 1483 γάρ
182 1401 238 1464 κατ’
254 1394 358 1483 τάχην
378 1396 435 1481 τὴν
457 1400 552 1462 deins
575 1403 743 1464 καλεῖσθαι
768 1397 919 1483 πρόνοιαν
935 1396 1098 1467 duodicim
1120 1404 1199 1486 ηἰιη-

97 1500 180 1565 κάιιν
201 1497 360 1583 ὑπάρχειν
380 1495 425 1581 μῆ
448 1497 547 1580 μόνον
572 1507 638 1573 τοῖς
666 1503 862 1584 σοφωτέροις
883 1498 1038 1583 Ἑλλήνων
1072 1501 1194 1580 παισίν,

97 1597 179 1665 άλλά
202 1602 339 1664 καὶτῶν
368 1594 530 1681 ἡμετέρων
562 1602 667 1673 ι’νέοις.
720 1601 793 1663 δέον
823 1595 881 1663 σάν
909 1602 1048 1666 ἐπαινεῖν
1080 1596 1126 1666 ὅτι
1157 1600 1198 1691 τῇ

96 1702 171 1789 θεάρι
192 1703 326 1787 προνοέρ
348 1696 403 1761 κατ’
424 1692 441 1759 o‘
462 1693 540 1780 έμάς
561 1697 716 1781 ιῖγόμενος
739 1699 861 1784 πατήρ,
884 1702 940 1764 καί
960 1696 1094 1788 α’φάιιτρι
1118 1703 1198 1767 dou-

97 1796 199 1865 λεάων
219 1797 358 1886 α’νάγιιῃ,
388 1793 568 1882 βαρβάροις
593 1802 653 1880 μέν
684 1804 847 1882 συγγενέσι
883 1803 912 1864 δ’
940 1793 996 1866 οὖν
1018 1802 1073 1867 καὶ
1093 1798 1201 1887 ρι’λοις

55 1910 89 1965 15
98 1902 258 1985 ι’πιτρέπει
280 1897 338 1973 τάς
356 1898 418 1963 τάν
437 1892 523 1977 άπαξ
545 1896 607 1964 άπὸ
628 1898 709 1963 θεοῦ
740 1905 1029 1987 κατεψηφισμένων
1055 1906 1101 1979 εἰς
1124 1896 1200 1967 ὄλε-

99 2008 180 2088 θρον
199 1998 328 2087 σφαγάς
349 2002 404 2064 κατ’
423 1998 463 2063 τά
484 1997 617 2085 λάφυρα
640 2002 695 2063 καί
710 1999 767 2077 τάς
787 2007 940 2078 παντοίοις
962 2006 1017 2069 κατ’
1038 2006 1199 2085 πολυπρά-

101 2127 182 2178 ποος
203 2100 386 2185 άπαγωγάς,
407 2098 440 2165 οἳ
459 2103 495 2165 δέ
517 2103 572 2165 κατ’
591 2094 747 2184 άχθονιαι
771 2107 826 2166 κατ’
847 2106 1121 2188 προσονειδάζοοσι
1143 2110 1199 2172 καί
1208 2125 1229 2180 f,
1244 2125 1331 2182 1142.

102 2207 257 2288 μισοῦσι,
287 2207 342 2268 καὶ
369 2201 427 2287 τὴν
457 2205 517 2284 μέν
546 2202 649 2266 αὐτοῦ
677 2203 720 2266 δι’
753 2204 853 2287 stitit
882 2208 1008 2270 τελοῦσι
1038 2210 1201 2285 ποιοῦντες
1369 2227 1402 2239 ’

101 2302 301 2389 άπαλλαγήν,
323 2301 381 2389 τὴν
403 2306 439 2370 δέ
451 2307 511 2369 τοῦ
526 2306 678 2388 γαμβροῦ
700 2305 927 2388 Παλαιολάγου
940 2303 1029 2388 μάλα
1051 2312 1200 2395 σφοδράς

53 2406 243 2495 notuimus
266 2406 321 2472 κατ’
342 2406 576 2472 ἀνακαλοῦνται
598 2403 720 2489 α’ρχήν,
742 2403 796 2469 καὶ
821 2404 879 2481 τάς
902 2408 1006 2473 oritoni
1030 2416 1086 2475 κατ’
1106 2412 1203 2479 ositos*

101 2510 329 2591 συνεργοῦντες
351 2509 411 2571 ονίι
435 2507 679 2589 άπολεάποοσιν,
699 2500 773 2572 ὅσον
794 2506 828 2572 τά
860 2506 1001 2594 ε’φιιιτόν,
1026 2512 1201 2593 ἐπιβουλάς

104 2610 180 2673 καθ’
200 2608 316 2693 ἡμῶν,
337 2611 393 2673 καί
411 2610 514 2674 ταῦτα
546 2610 696 2693 διηνεκῶς
728 2608 894 2696 ᾀδομένων
912 2612 947 2675 ἐκ
967 2609 1052 2675 πάνυ
1075 2617 1201 2679 πολλῶν

102 2712 158 2775 καὶ
177 2713 399 2795 παλαιοτέρων
425 2712 489 2775 τοῦν
516 2706 644 2795 χρόνων
669 2708 840 2785 άκοάοντις
868 2712 930 2775 τεάν
951 2732 984 2775 τε
1015 2704 1119 2777 άλλων
1142 2738 1203 2778 xo-
1247 2716 1270 2765 «ἱ

103 2814 187 2896 κεῖν,
208 2813 262 2876 καί
292 2810 337 2888 ὥς
359 2811 566 2895 πεπρωμένον
594 2808 644 2896 εἴη
669 2813 713 2898 τῷ
742 2806 832 2875 ἔθνει
859 2814 973 2899 τουτῳὶ
1002 2817 1202 2896 χειρωθῆναι

99 2903 272 2996 Ῥωμαίων
292 2905 423 2978 ἅπασαν
438 2905 551 2995 χοάραν
564 2910 620 2977 κατ’
639 2908 812 2998 πάλινςκοιέ
823 2912 938 2993 μέχρις
959 2912 1064 2975 αὐτῶν
1082 2916 1202 2996 άγοιῶν

101 3195 188 3247 medio
213 3193 336 3262 procedit
362 3193 394 3245 od
424 3192 580 3261 profundam
608 3192 686 3245 abeat
711 3190 902 3243 inexistentiae
932 3190 1120 3256 ultitudinem,
1141 3190 1203 3260 quid

103 3265 229 3335 expediet
248 3272 350 3333 patrem
366 3280 463 3331 meum,
482 3273 512 3317 nt
529 3279 583 3317 non
603 3264 684 3316 iaciat
701 3278 815 3331 eaquae
835 3260 957 3317 fortunae
971 3264 1133 3315 necessitate
1153 3264 1203 3315 de.

101 3340 199 3390 stinato
219 3345 290 3390 sunt.
327 3338 366 3389 ita
387 3353 403 3389 a
423 3336 473 3388 deo
493 3336 573 3405 piane
592 3335 767 3402 praecognita
791 3342 867 3398 sunt,
898 3344 924 3386 et
944 3333 1033 3403 qualia
1055 3335 1203 3401 providen.

102 3412 155 3461 tiae
174 3425 205 3462 se
224 3408 376 3473 ostendunt,
395 3408 461 3460 talia
478 3409 553 3472 dunt,
573 3406 790 3474 quemadmodum
805 3406 936 3458 destinato
951 3414 1021 3469 sunt,
1042 3414 1068 3457 et
1085 3421 1203 3458 nasoon.

101 3488 160 3545 tur,
179 3480 271 3532 divina
291 3480 461 3547 providentia
480 3482 540 3532 siae
560 3478 685 3531 fortunae
709 3478 871 3529 necessitate
891 3479 978 3529 ducta.
1026 3492 1113 3529 casnm
1134 3480 1203 3527 enirn

103 3560 130 3603 et
148 3551 278 3602 iortnmm
297 3552 429 3604 nominari
449 3552 540 3603 audiri
559 3551 675 3603 divinam
694 3547 767 3600 iiiam
786 3550 992 3617 providentium,
1012 3547 1086 3600 nullo
1107 3548 1204 3615 prohi-

101 3623 184 3673 bente
202 3635 256 3672 non
274 3621 360 3672 solum
378 3622 447 3690 apud
468 3623 628 3675 Graecorum
647 3619 834 3689 philosophos,
854 3636 947 3673 verunt
966 3622 1043 3670 etiam
1063 3619 1130 3686 apud
1151 3632 1204 3669 no.

102 3702 186 3746 stros.
203 3706 315 3759 aequum
333 3694 416 3761 igitur
437 3702 478 3745 est
496 3694 620 3746 assentiri
640 3693 748 3746 divinae
768 3692 972 3759 providentiae,
992 3700 1019 3741 et
1039 3697 1114 3755 pater
1130 3703 1205 3741 mens

102 3760 255 3815 inevitabili
273 3765 435 3816 necessitate
449 3765 543 3817 ductus
556 3766 582 3816 in
601 3764 728 3817 barbaros
746 3770 876 3830 cognatos
895 3769 975 3830 atque
993 3760 1092 3812 amicos
1111 3762 1205 3825 vertit,

103 3849 169 3905 quos
188 3832 252 3885 deus
271 3833 355 3884 semei
373 3835 400 3885 in
421 3836 669 3903 eorumpernicietn
689 3836 836 3897 constituit,
856 3832 1053 3883 immolationes
1074 3839 1101 3882 et
1122 3847 1205 3901 prae.

90 3907 228 3960 ,dationes
247 3904 390 3969 variasque
418 3905 609 3973 relegationes.
645 3906 686 3958 iili
706 3920 772 3960 vero
790 3912 936 3972 gravantur
960 3910 986 3955 et
1010 3902 1160 3973 obtrectant
1179 3906 1206 3953 et

104 3978 227 4029 oderunt.
265 3974 391 4042 precibus
410 3975 605 4043 relegationem
630 3984 800 4045 perpetrant,
825 3975 980 4043 PaiaeoIogi
1006 3974 1100 4044 generi
1118 3973 1206 4027 veho-

102 4057 207 4101 menter
226 4052 354 4114 exoptant
372 4052 398 4095 et
416 4045 448 4096 ad
469 4062 499 4096 se
518 4055 614 4099 vocant
632 4050 771 4115 imperium
795 4062 876 4109 aneo
894 4048 1002 4099 insidias
1022 4046 1084 4097 huic
1102 4052 1207 4097 struere

104 4120 253 4172 coniunctis
278 4132 337 4168 cum
362 4116 412 4167 ilio
442 4117 543 4169 viribus
562 4126 687 4186 quantum
711 4120 777 4171 iicet
822 4120 942 4169 esistunt.
989 4117 1056 4167 haee
1078 4115 1205 4167 continuo

104 4190 208 4245 cantari
226 4190 289 4241 inde
310 4188 479 4257 abantiquis
509 4189 673 4256 temporibus
700 4190 769 4241 mala
793 4190 934 4241 andierunt
953 4188 1005 4239 aiia
1026 4185 1108 4239 multa
1126 4192 1207 4255 utque

107 4263 186 4331 iilud,
204 4261 268 4315 hnic
287 4260 390 4331 populo
418 4277 435 4312 a
452 4260 560 4314 fortuna
578 4261 666 4313 datum
686 4276 746 4314 esse
764 4269 795 4316 nt
811 4260 990 4315 Romanorum
1007 4264 1089 4311 totam
1107 4263 1207 4314 terram

195 4358 358 4431 tentam
370 4359 480 4431 (ἕτερον.
505 4358 561 4415 tut.
574 4358 627 4416 111.
859 4376 872 4398 ·
987 4359 1020 4413 14
