3017 4759
235 257 457 328 ursroaran
480 252 738 324 ominamur
766 257 891 322 xxxo.
915 240 1040 324 1-5.
1145 226 1238 324 o'tt.

115 427 172 492 τοί
198 426 339 489 τοιοῦτον
368 415 529 502 κόμματος
560 415 642 505 ἦσαν
662 421 854 510 παροιμίαι,
888 413 1000 500 χοόραν
1020 414 1112 500 έσχον
1131 442 1220 504 τητι-

116 527 207 590 καῦτ’
227 527 448 589 ἐκλαλεῖσθαι·
496 522 575 604 μετό
598 521 658 607 γὰρ
685 522 856 600 τοσοῦτον,
880 515 923 597 σός
946 515 1081 603 εἴρηται,
1104 516 1221 603 χρόνον

117 629 260 711 σ’φθέντα
291 623 328 691 τό
358 628 484 719 έκείνωγ
517 627 657 709 δυσσεβῆ
687 625 742 689 καί
774 626 872 689 πλείω
899 611 954 706 τῆς
986 623 1133 714 όσεβείας
1162 620 1217 706 τῆν

117 731 262 810 α’μαθίαν
284 732 457 810 κεκτημένα
485 726 638 812 λογάρια,
661 729 784 808 μᾶλλον
804 728 833 790 δ’
856 725 955 790 είπεῖν
978 724 1217 807 α’μβλιαθρίδια,

86 829 314 911 mosaycorum
336 834 396 906 μὲν
416 837 483 903 τοῖς
506 829 643 908 οἰκείοις,
663 834 788 912 γέλωτα
811 829 846 892 δέ
876 833 939 901 τοῖς
961 820 1123 910 ῆμετέροις
1148 827 1218 889 ένε-

114 934 199 993 ποίει
229 930 362 1013 μακρόν.
413 930 462 994 διό
496 930 551 994 καί
579 927 687 1012 βραχό
716 929 854 1014 φανέντα
888 926 971 1008 δμοῦ
1002 927 1044 1014 τῷ
1069 928 1218 1008 πληγέντι

114 1031 186 1114 δέρι
210 1028 289 1112 πρός
311 1031 453 1115 τδφανές
476 1025 593 1118 ᾤχοντο
617 1027 766 1104 α’πιόντμ.
819 1029 859 1092 oo'
887 1028 961 1109 μῆν
980 1023 1071 1108 κόρος
1089 1017 1126 1110 ῆν
1149 1021 1221 1089 τόδ’

113 1129 200 1196 σέτω
232 1132 288 1213 τῆς
314 1129 534 1215 κατασχούσης
563 1130 639 1208 τοδς
663 1134 830 1212 δυσσεβεῖς
861 1132 974 1201 κακίας
997 1125 1128 1209 οιίδτίς,
1150 1129 1218 1190 ἀλλ’

116 1229 229 1314 ἑτέραν
251 1234 303 1318 ἐφ’
325 1229 415 1321 έτέρρ
437 1236 543 1316 τρίβον
564 1239 629 1308 τοῖς
644 1239 806 1316 λογισμοῖς
828 1227 985 1313 έβόδιζον.
1030 1229 1084 1293 καί
1106 1231 1218 1293 nocuit

66 1351 103 1407 10
113 1333 174 1415 οἰγέ
195 1337 341 1417 βελτίστη
362 1333 474 1418 σφιίτιν
504 1329 584 1418 αὕτη,
609 1333 801 1418 νενόμισται.
859 1331 963 1413 λόγοις
981 1330 1054 1412 ὶγόιρ
1078 1336 1217 1416 φιλικοίς
1230 1337 1257 1390 Ι

113 1432 166 1497 διό
187 1437 294 1514 μέσσον
316 1437 419 1517 φίλων
439 1435 564 1514 ἀνδρῶν
582 1437 670 1511 α’ξιοι·
686 1436 716 1497 Γ
715 1437 851 1518 ρηγσρᾶν
877 1427 1143 1513 Καντακαυζηνός
1167 1426 1217 1494 οἴ-

111 1536 189 1598 καδε
213 1537 291 1617 παρ’
312 1532 412 1599 αὐτόν
433 1536 611 1618 α’φικέσθαι
633 1533 712 1615 πρός
738 1533 914 1616 α’νόμνησίν
937 1553 969 1595 τε
997 1531 1054 1594 καί
1074 1529 1218 1594 α’νανέω-

111 1659 161 1698 σιν
183 1631 260 1710 ἴσως
278 1638 335 1718 τῆς
358 1638 513 1716 προτέρας
533 1633 642 1718 φιλίας
664 1635 792 1717 έκείνης.
836 1635 890 1696 καί
911 1627 945 1706 ὃς
965 1634 1098 1710 νομίσας
1117 1627 1217 1714 έπαγ-
1316 1651 1320 1672 ⁸

109 1733 220 1818 γολίαν
242 1735 494 1818 ἐπανορθώσεως
518 1731 603 1816 ἔχειν
623 1734 658 1799 τό
680 1736 829 1816 πρᾶγμα,
851 1733 950 1808 αι’τός
971 1755 1023 1813 τι,
1043 1730 1087 1806 σός
1107 1735 1216 1818 φασίν,

65 1858 101 1910 15
112 1835 266 1921 ἄφίκετο,
294 1839 349 1899 καί
377 1839 414 1899 σέ
432 1858 468 1917 γε
489 1838 686 1920 σανίκδημον
714 1819 989 1918 ῆνκέπιιγόμενος.
1034 1835 1090 1895 καί
1110 1829 1133 1897 δ
1155 1834 1214 1912 μέν

111 1937 255 2022 η’κηκόειν
283 1934 381 2020 αιίτός
405 1937 481 2019 παρ’
504 1935 729 2021 ότωνδῆποτε,
760 1938 850 2002 ταῦτ’
888 1932 989 2001 ἐστίν·
1040 1927 1062 1998 ό
1094 1935 1122 1998 δ’
1143 1929 1215 2015 ἑξῆς

114 2035 249 2118 ἐγεγόνει
259 2086 270 2115 ,
294 2038 348 2102 καί
375 2032 459 2113 έποος
489 2042 545 2102 καί
576 2033 651 2103 ὅθεν
673 2038 712 2103 τό
727 2041 782 2124 τῆς
804 2041 971 2116 διαλέξεοος
993 2029 1089 2112 αὖθις
1112 2033 1213 2116 α’ρξό-

109 2161 190 2220 μενα
214 2132 276 2227 ὅπη
297 2137 529 2224 σονεπερόνθη,
552 2135 652 2222 ῆδέας
676 2135 716 2204 όν
736 2138 824 2223 παροὶ
844 2144 905 2205 cori
927 2143 1098 2223 πυθοίμην.

212 2237 484 2324 Σανεληλαθότσιν
505 2242 645 2324 σ’μφοῑι,
669 2234 790 2328 αλφίλε
815 2240 996 2324 Κλεόδημε,
1025 2238 1085 2321 πρό
1110 2240 1249 2323 δείληςε

64 2365 102 2421 20
111 2336 192 2429 έράς
212 2339 244 2416 ές
265 2339 300 2406 τό
319 2339 494 2424 μοναδικόν
515 2345 574 2405 τοῦ
594 2343 922 2425 πρσβεβασιλεσκότος
942 2343 1211 2424 Καντακοσζηνοῦ

112 2438 378 2526 φροντιστήριον,
406 2445 549 2528 προσηνῆ
577 2449 637 2525 μὲν
666 2442 722 2507 καί
751 2443 858 2526 ἡρέμα
891 2449 1038 2524 γλυκεῖαν
1058 2439 1135 2524 ἔσχε
1155 2438 1212 2522 τῆν

110 2540 217 2627 όρχῆν
238 2543 274 2606 τό
297 2546 353 2627 τῆς
377 2542 525 2627 ὁμιλίας,
558 2549 613 2610 καί
633 2545 675 2622 οἱς
698 2536 737 2631 ῆν
759 2548 867 2621 αιίτοϊς
896 2543 1010 2620 εἰωθὸς
1027 2540 1062 2608 έκ
1082 2545 1211 2622 πολλοῦ,

108 2646 252 2729 ταραχῆς
274 2645 310 2710 δέ
330 2641 367 2710 τό
390 2638 462 2729 ἑξῆς
492 2649 548 2712 καί
565 2649 710 2733 θορόβοο
739 2647 844 2712 πάντα
867 2648 967 2729 μεστὰ
990 2646 1124 2732 ἐγεγόνει
1148 2669 1212 2709 πα-

109 2952 164 2997 tum
185 2958 262 2994 usuro
280 2941 463 2995 inveniebant.
500 2956 559 2994 nam
577 2950 640 3010 post
659 2950 758 2996 tantam
779 2942 850 3010 quod
868 2942 983 2995 diximus
1002 2943 1129 3010 temporis
1144 2958 1208 3010 spu.

109 3017 175 3066 tium
194 3016 222 3064 in
242 3013 331 3065 locem
357 3020 542 3080 provenerunt
565 3013 673 3066 illorum
698 3013 829 3066 malitiosi
857 3022 884 3065 ct
906 3014 1052 3079 impietatis
1072 3012 1208 3082 multoque

110 3086 220 3137 maioris
239 3086 408 3152 ignorantiae
427 3083 501 3151 pleui
520 3100 657 3138 sermones
675 3085 721 3138 rel
740 3086 830 3151 potius
849 3084 919 3136 letus
937 3089 1090 3149 monstrosi,
1112 3085 1208 3152 quibua

113 3157 221 3210 sibimet
237 3155 289 3223 ipsi
308 3156 480 3222 ignominiam
501 3157 580 3209 uobis
599 3172 665 3210 vero
684 3158 767 3207 risum
787 3171 911 3224 magnam
929 3163 1079 3208 moverunt.
1117 3157 1208 3226 nuque

113 3243 184 3296 quae
203 3227 257 3279 cito
276 3235 465 3293 apparuerunt,
484 3242 537 3279 ana
555 3245 613 3280 cum
624 3243 752 3296 percusso
768 3242 832 3280 aere
846 3234 1019 3280 evanuerant.
1056 3237 1207 3294 aequata.

109 3314 170 3351 men
189 3299 230 3350 sic
248 3296 305 3350 ulla
323 3298 433 3350 satietas
452 3307 509 3351 erat
522 3308 612 3352 mutae
624 3300 838 3352 adversariorum
849 3299 1043 3366 improbitatis;
1063 3299 1111 3352 sed
1128 3301 1206 3352 modo

111 3371 180 3423 hunc
198 3371 275 3421 modo
296 3367 369 3420 illum
389 3373 459 3422 viam
478 3372 506 3422 in
530 3371 770 3439 disceptationibus
788 3370 893 3424 inibunt
918 3379 945 3423 et
970 3371 997 3422 in
1021 3371 1075 3424 line
1103 3370 1154 3422 hoc
1173 3373 1207 3423 iis

109 3443 179 3494 inter
198 3441 252 3492 alia
270 3442 358 3492 omnia
376 3444 462 3495 visum
485 3451 543 3495 erat
562 3444 702 3511 optimum.
739 3444 881 3495 stoicorum
905 3441 1028 3494 familiari
1046 3442 1207 3495 iniitatioue

110 3513 255 3580 Gregoram
275 3513 477 3567 Cantaeunenus
494 3517 598 3568 domum
624 3530 698 3568 suana
718 3516 828 3568 vocavit
852 3523 883 3566 ut
899 3520 1077 3566 renovaretur
1095 3514 1207 3580 pristina

109 3585 235 3636 amicitia.
272 3591 299 3635 et
317 3582 366 3636 illo
386 3589 486 3639 nuntiis
505 3589 638 3640 amicitiae
660 3587 776 3639 conlisus
796 3603 854 3638 eum
882 3587 1010 3638 convenit
1038 3592 1064 3635 ot
1087 3591 1115 3634 te
1143 3585 1205 3651 qni.
1258 3593 1264 3602 ·

109 3657 167 3708 dem
190 3657 297 3706 comite.
334 3656 401 3709 iaec
421 3667 508 3710 antem
527 3668 587 3712 sunt
597 3675 666 3728 quae
684 3658 718 3710 ab
736 3657 798 3710 aliis
809 3659 913 3725 accepi.
949 3653 1206 3723 quaeluctadeinde

108 3729 161 3781 sint
182 3735 210 3778 et
228 3730 361 3795 quomodo
380 3738 408 3781 et
425 3730 495 3782 aude
514 3731 730 3783 concertationes
738 3731 936 3800 redintegratae
956 3725 1204 3798 etqoemurlliiocm

109 3800 254 3870 perductae
271 3802 326 3853 siut
343 3815 359 3851 a
377 3809 405 3853 te
423 3805 575 3869 percontari
594 3802 669 3855 volo.

208 3895 264 3949 llos
282 3897 359 3948 ambo
378 3898 463 3949 amice
484 3897 629 3950 Cleodome
648 3914 727 3967 quum
749 3898 916 3950 venissemus
929 3894 1000 3948 bene
1014 3911 1092 3948 mane
1110 3897 1138 3948 iu
1156 3913 1203 3950 re.

111 3969 151 4037 gis
171 3968 352 4022 Cautacuaeni
375 3966 469 4020 cellam
493 3971 663 4034 monasterii,
682 3971 767 4037 primo
787 3969 892 4039 quidem
918 3975 947 4021 ut
963 3967 1041 4021 uobis
1060 3968 1203 4020 iucundum

112 4046 176 4103 erat,
195 4040 267 4092 laeto
290 4047 316 4093 et
335 4039 460 4092 familiari
479 4055 528 4091 usu
547 4042 649 4092 comiis
662 4043 844 4104 trutinamus,
858 4039 962 4109 qualem
976 4047 1057 4092 antea
1076 4038 1202 4092 exmulto

113 4119 236 4178 tempore
256 4124 455 4164 consueramus.
492 4110 539 4162 seul
556 4111 648 4179 paullo
668 4121 729 4179 post
748 4112 842 4164 turbae
868 4117 894 4162 et
911 4110 1039 4164 tumultus
1056 4112 1202 4164 redieruut.

112 4181 157 4236 utri
179 4185 250 4240 enirn
269 4197 317 4238 τοι
342 4183 544 4240 ὒοιτιοατεααι
569 4184 640 4236 luter
664 4182 802 4254 colloquia
821 4181 953 4238 iulumam
977 4181 1088 4238 laudare
1110 4195 1201 4238 ruerus
