3017 4759
219 236 441 305 nrsroamn
469 238 729 309 armoniam
742 243 892 309 aaran.
912 224 1101 311 ao-ot.
1175 230 1245 311 541

151 396 339 484 ἀπορρήτων
362 398 491 486 ἀργίαν,
541 400 635 466 ἔπειτ’
659 404 781 466 ἐκεῖθεν
813 401 869 469 ἶιόν
891 404 924 468 ἐν
945 406 992 489 τῷ
1011 402 1107 489 κήπῳ»,
1122 404 1249 489 ἐνουρεῑ

147 500 328 583 καθήμενος
348 504 391 587 τῇ
410 503 472 565 τῶν
493 506 640 589 πρασιῶν
664 502 746 590 χλόῃ
774 504 837 589 ἲκαί
859 504 931 592 πάρ,
955 502 1076 587 ὁπόσην
1096 505 1152 569 καί
1175 504 1245 569 οἵαν

149 598 203 661 διά
223 596 258 665 τό
282 598 407 666 οἴκοθεν
430 598 564 687 εὔοσμον
578 612 648 681 ταῖς
664 603 801 690 χότραις
822 604 1037 687 ἐμβάλλουσιν
1059 602 1088 669 οἱ
1108 603 1165 681 τάς
1182 608 1245 669 τῶν

148 700 330 791 ἐδεσμάτων
360 696 580 787 δτοιμάζοντες
602 707 642 792 τῇ
664 708 720 770 τοῦ
742 705 945 790 πατριάρχου
975 705 1117 790 τραπὲζη
1140 729 1243 767 ποικι-

119 800 226 876 5λιάς.
270 800 326 865 καῖ
346 800 446 885 ἡμῶν,
472 806 562 889 φασί,
584 808 641 889 τῆν
666 806 771 870 αἰτίαν
791 806 848 869 τοῦ
865 804 1064 889 τολμήματος
1084 806 1313 891 ἐρομένωνπ

146 901 202 965 καί
224 900 310 980 άπαξ
332 905 389 970 κατ’
412 906 469 981 δι’ς,
493 904 583 969 ου’δὲν
606 909 725 982 ἐκεῖνος
745 906 808 992 ἔφη
830 904 939 969 καινόν
962 899 1045 969 εἶναι
1064 907 1165 971 τουτί·
1189 905 1245 970 καί

148 1001 209 1087 γάρ
233 1002 288 1067 καί
309 1003 398 1081 κόνες
418 1007 603 1089 ἐνουροῦσιν
621 1006 731 1082 αὐταῖς
753 1010 809 1071 κατ’
821 1013 927 1091 γαλαῖ,
950 1007 1006 1071 καί
1019 1008 1138 1090 κόπρια
1150 1007 1242 1093 ἐπιρ-

149 1107 296 1187 ραάνουσι
321 1105 409 1185 ζιόων
434 1106 556 1191 ἀλόγων
575 1132 609 1172 τε
631 1108 686 1172 καί
709 1107 897 1194 ἀνθρώπων,
921 1110 950 1171 εἷ
967 1108 1059 1188 τόχοι
1079 1132 1157 1198 πρυ·
1188 1109 1243 1174 καί

143 1200 178 1266 τό
200 1207 323 1268 κωλῦον
352 1204 452 1269 οὐδέν.
501 1206 556 1269 καί
574 1211 674 1274 ταῦτα
706 1208 767 1291 μὲν
798 1207 943 1293 ἑρόμενοι
970 1207 1176 1292 ἠκηκόεισαν,
1201 1206 1243 1283 οἷς

98 1304 258 1367 rotantem
282 1307 407 1391 panib?
448 1304 525 1371 ἀδὲ
548 1308 665 1384 ἰδόντες
685 1311 761 1393 σιγῇ
781 1309 840 1390 μὲν
862 1310 910 1372 ἐπ’
933 1308 1054 1372 ἐκεινου
1078 1309 1278 1394 scopatione-1
1362 1302 1370 1318 ⁴

143 1428 193 1479 τες
216 1403 330 1489 ἥκιστα
362 1402 491 1492 ἤροντο,
512 1406 717 1489 πεπεισμένοι
745 1408 818 1471 λιάν
850 1406 963 1474 ἀνόσιά
982 1431 1016 1471 τε
1044 1408 1100 1472 καὶ
1120 1409 1242 1491 βέβηλα
1271 1443 1273 1446 -

144 1496 226 1569 εἶναι
248 1506 303 1569 καί
326 1501 473 1591 άντικρυς
491 1508 676 1590 διαβολικῆς
698 1504 776 1590 ἔργα
793 1508 1011 1583 διδασκαλίας,
1033 1513 1099 1581 τοῖς
1119 1510 1148 1572 δ’
1171 1509 1241 1570 ἑπι-
1274 1521 1278 1527 ’

144 1606 273 1681 σκότιοις
306 1606 466 1689 ἐμήνυσάν
487 1630 521 1670 τε
552 1607 607 1670 κατ’
639 1605 894 1683 διεκωδιόνισαν,
923 1608 1010 1670 ταῦτ’
1040 1602 1240 1693 άρρηταμὲν

144 1701 272 1788 άμεινον
306 1710 450 1770 κεῖσθαι·
503 1706 593 1771 ἴσασι
625 1704 685 1791 γάρ
718 1704 746 1769 οἱ
777 1704 833 1781 τάς
867 1709 1089 1793 τομσγραφιας
1118 1709 1240 1784 ἐκείνας

95 1808 130 1860 15
144 1804 350 1889 ἀνεγνωκότες
370 1807 425 1871 καί
449 1806 689 1894 ἀποφηνάμενοι
718 1807 945 1870 Μασαλιονιδν
968 1799 1047 1871 εἶναι
1071 1805 1111 1871 τά
1131 1807 1239 1874 τοιάδε

140 1907 203 1969 τῶν
234 1910 391 1991 μυσαρῶν
414 1906 681 1992 ἐπιτηδευμάτων.
736 1906 927 1991 μεμνήμεθα
952 1905 1013 1993 γάρ
1046 1902 1089 1983 aig
1110 1908 1165 1973 καί
1186 1906 1306 1983 ἐπίη
1387 1976 1389 1978 ,

138 2003 287 2069 Ἰωάννου
308 2008 365 2069 τοῦ
385 2007 588 2092 πατριάρχου
609 2006 769 2091 πρὸ’ἒτῶν
784 2004 874 2091 ἐγγύς
898 2008 1119 2072 πεντεκαίδεκα
1141 1993 1237 2091 τόμος
1246 2028 1265 2080 f,
1278 2029 1330 2085 207
1342 2048 1366 2086 a,

140 2104 216 2190 ἡμῖν
238 2108 269 2184 ἐξ
283 2102 387 2192 όρους
401 2110 457 2173 τοῦ
473 2106 567 2175 Ἄθω
588 2108 785 2191 κεκόμισται,
805 2114 875 2185 ταῖς
889 2108 1015 2171 πάντων
1037 2107 1153 2188 σχεδόν
1173 2111 1235 2173 τῶν

139 2209 208 2271 ἐκεῖ
223 2208 367 2290 λογάδων
395 2208 634 2293 σεσημασμένας
655 2205 877 2293 ἀπογραφαῖς,
899 2208 953 2272 καί
975 2207 1038 2292 πρό
1046 2232 1092 2292 γε
1111 2210 1236 2274 πάντων

92 2309 193 2373 20καί
213 2305 294 2390 με’τά
317 2307 442 2374 πάντων
458 2311 514 2373 τοῦ
535 2312 705 2393 τηνικαῦτα
737 2306 772 2376 τό
795 2318 950 2393 πρωτεῖον
970 2307 1097 2389 ἔχοντος
1115 2308 1234 2387 Ἰσαάκ,

137 2409 192 2473 καὶ
215 2398 286 2491 άμα
314 2412 370 2473 τοῦ
401 2410 678 2496 ἀρχιερατεόοντος
711 2409 768 2473 καί
798 2411 1043 2483 ἐπισκοποῦντας
1066 2410 1135 2471 ἐκεῖ
1153 2403 1234 2491 μετά

137 2512 192 2594 τῆς
219 2512 275 2573 τοῦ
305 2510 481 2594 πνεύματος
511 2512 644 2599 χάριτος
676 2512 767 2577 θείου
801 2510 929 2596 ἀνδρός,
963 2512 1066 2594 δηλῶν
1095 2511 1137 2594 τῇ
1158 2513 1254 2588 καθ’4
1305 2580 1309 2589 ¹

137 2606 223 2694 ἡμᾶς
245 2608 317 2699 ἱερᾷ
338 2611 460 2698 συνόδῳ
493 2613 612 2689 πάντας
633 2613 774 2703 ἐνεόνοος
802 2610 955 2695 όνομαστό
983 2611 1038 2693 καί
1059 2613 1136 2698 καθ’
1158 2610 1233 2676 ἕκα-

137 2929 179 2974 tor
206 2927 265 2983 est,
293 2927 320 2971 et
339 2920 525 2985 mysteriorum
553 2922 680 2990 magister
706 2928 733 2971 ct
751 2921 871 2984 initiator
898 2935 1056 2973 arcanorum
1087 2920 1232 2987 orgiorurn.

138 3000 199 3059 post
231 2989 298 3040 haec
321 2998 407 3040 autem
436 2992 457 3042 it
477 2993 507 3043 ad
535 2992 624 3043 locum
648 2993 741 3044 urinae
771 3000 798 3046 et
817 2991 893 3042 sedet
916 2991 944 3042 in
970 2990 1060 3041 herbis
1088 2991 1181 3042 viridis
1207 2997 1234 3043 ct

138 3061 311 3131 graminibus,
332 3060 420 3128 qualia
441 3063 510 3113 domi
529 3071 637 3129 propter
656 3063 753 3115 bonum
776 3063 883 3113 odorem
903 3060 966 3113 ollis
983 3062 1107 3112 iniiciunt
1126 3062 1171 3128 qni
1191 3062 1234 3111 oi.

137 3134 185 3186 bos
203 3134 292 3185 varios
312 3140 405 3200 parant
424 3132 530 3185 mensae
549 3135 724 3199 patriarchae.
762 3133 839 3185 nobis
857 3140 954 3195 antem,
972 3133 1106 3199 inquiunt,
1126 3148 1232 3184 causam

137 3206 215 3257 huius
235 3204 294 3256 miri
313 3205 352 3255 rei
372 3203 526 3271 rogantibus
546 3206 623 3256 ctiam
644 3214 724 3273 atque
744 3207 832 3270 etiam,
851 3220 915 3268 non,
933 3201 1071 3270 respondit
1090 3199 1149 3267 ille,
1172 3219 1232 3254 esse

138 3278 162 3329 id
183 3283 234 3327 tam
254 3276 408 3327 mirandum.
446 3284 552 3341 namet
571 3290 650 3327 canes
675 3278 856 3342 commingerc
877 3289 922 3326 eas
950 3282 976 3325 ct
995 3274 1064 3326 feles
1083 3282 1110 3325 et
1129 3283 1231 3327 stercus

136 3349 173 3399 ibi
194 3348 283 3397 iacere
299 3347 398 3400 bestias
417 3356 444 3399 ct
461 3348 533 3414 ipsos
553 3347 674 3399 homines
694 3347 716 3398 si
736 3347 840 3415 qnando
858 3346 1015 3397 necessitas.
1041 3362 1130 3415 nequo
1152 3346 1231 3416 quid.

137 3434 212 3487 quam
235 3433 281 3468 cos
300 3418 439 3486 impedire.
484 3418 550 3470 baec
579 3419 660 3486 igitur
686 3418 718 3470 ad
746 3426 868 3485 rogatum
893 3425 1053 3484 acceperant
1076 3425 1106 3468 at
1130 3418 1229 3469 dicunt.

137 3490 182 3543 sed
202 3488 254 3540 alia
274 3504 342 3557 quac
368 3490 608 3541 animadverterant
631 3490 705 3542 taciti
733 3496 760 3542 et
784 3487 930 3557 dequibus
960 3505 1018 3539 anm
1037 3504 1092 3540 non
1111 3503 1230 3555 rogare.

136 3569 203 3623 rant,
225 3576 304 3626 quum
323 3560 374 3611 sibi
394 3576 548 3627 persuasum
577 3560 707 3612 haberent
732 3560 813 3628 impia
839 3576 870 3612 ea
895 3574 954 3611 esse
979 3567 1006 3609 et
1028 3559 1184 3611 detestanda
1203 3566 1230 3609 et

136 3631 284 3684 diabolicae
305 3632 442 3683 doctrinae
461 3648 554 3699 opera,
573 3648 694 3701 quaeqae
724 3632 858 3699 episcopis
881 3628 1031 3681 retulerant
1049 3636 1075 3680 et
1094 3643 1229 3694 exposue-

135 3712 204 3765 rant,
223 3702 290 3754 haec
309 3702 406 3754 meiius
425 3705 512 3755 estin
531 3705 642 3755 secretis
662 3706 761 3755 iacere.
804 3704 891 3754 sciunt
911 3700 979 3750 enim
998 3701 1044 3767 qai
1062 3701 1162 3767 scripta
1181 3699 1229 3750 ilia

134 3772 259 3840 legerant
278 3781 304 3824 et
322 3774 470 3825 docuerunt
489 3775 566 3825 foeda
587 3790 618 3825 ea
639 3790 697 3825 esse
712 3773 915 3827 blasalianorum
934 3771 1061 3823 instituta.
1098 3771 1149 3823 iam
1169 3787 1228 3822 ma.

135 3845 256 3894 minimus
276 3845 471 3910 scriptumsob
491 3845 641 3912 patriarcha
659 3846 760 3897 loanne
789 3843 939 3913 quindecim
960 3841 1017 3893 iare
1036 3843 1133 3894 abhinc
1151 3842 1228 3894 annis

134 3912 210 3965 nobis
230 3930 262 3965 ea
283 3914 352 3967 Atho
377 3924 467 3967 monte
494 3917 601 3979 editum,
621 3918 664 3967 cui
692 3917 750 3968 iere
771 3916 885 3967 omnium
905 3914 941 3966 ibi
963 3913 1115 3981 degentiam
1132 3929 1228 3966 mona-

135 3985 243 4036 chorum
270 3987 377 4036 nomina
407 3986 555 4053 subscripta
580 3995 649 4051 sont,
678 3996 704 4039 et
722 3988 793 4039 inter
811 3985 864 4037 alia
883 3986 1003 4053 inprimis
1027 3987 1111 4040 isaaci
1129 4000 1227 4036 nornen

134 4056 230 4125 quiec
251 4056 309 4124 ipso
332 4064 453 4125 tempore
472 4058 610 4125 plurimam
639 4060 676 4110 ibi
698 4060 852 4126 dignitatem
871 4056 1025 4121 obtinebat,
1051 4066 1078 4108 et
1110 4056 1227 4124 patriar.

133 4130 198 4188 ctae
218 4128 275 4181 eius
294 4125 348 4183 loci
374 4138 401 4183 et
427 4130 549 4205 episcopi
568 4130 613 4201 qui
632 4132 748 4184 vireret
774 4128 871 4199 plenus
896 4130 991 4199 spirito
1014 4130 1118 4183 divino.
1155 4126 1226 4199 quod
