3017 4759
235 235 456 308 nrsnonmn
483 233 742 307 nuzmnutn
771 213 869 305 xxv.
888 219 957 305 ot.
984 220 1053 303 38.
1161 230 1209 304 oo

109 403 280 485 παροδσαν
301 394 456 467 δπόθεσιν
490 401 543 465 διά
565 404 611 466 σε’.
664 404 719 465 καί
749 404 922 488 φοβεῖσθαι
950 405 1011 482 μὲν
1034 397 1088 462 διά
1109 401 1211 463 sotira
1276 411 1278 415 '

108 494 299 567 καίστάσιν
322 501 505 587 δημοτικήν,
525 501 578 568 σοί
596 506 656 584 μὲν
671 502 798 588 υδδαμῇ
813 499 1045 584 προσήκουσαν,
1068 500 1109 563 ου’
1127 502 1211 580 μᾶλ-

109 596 165 665 λάν
187 626 223 685 γε
244 596 265 685 ἢ
286 602 361 677 τοδς
392 604 536 679 λιθίνους
556 627 589 668 ιε
615 602 670 667 καί
696 605 836 686 χαλκοῦς
867 602 1057 684 α’νδριάντας
1086 597 1210 665 οἴκοθεν

109 706 295 786 κεκινῆσθαι
331 702 410 787 πρός
438 700 521 769 δπλα
551 707 606 769 καί
634 702 743 786 μάχας
781 705 862 788 φαίη
885 725 935 777 τις
966 694 1023 785 άν,
1051 703 1144 786 σφίσι
1175 702 1212 763 δὲ

80 800 197 882 5μάλα
221 803 383 886 δήπουθεν
411 804 635 889 προσήκουσαν
657 809 844 891 φοβεῖσθαι.
903 796 949 877 οἷς
968 800 1029 886 γάρ
1053 798 1131 885 ἔργα
1152 816 1276 868 uec-80

109 908 180 979 κίας
201 897 304 969 όπείσι
327 906 430 988 δράν,
461 903 585 981 τούτοις
614 904 726 991 δήμιος
757 909 876 989 γίνεται
912 902 968 967 καί
996 902 1210 987 ἀπαραίτητος
1300 936 1309 951 ·

106 1000 265 1088 κολαστάς
287 1004 303 1067 ὅ
336 1008 392 1071 τοῦ
413 1005 593 1081 συνειδότος
617 1009 772 1084 πέλεκυς,
795 1001 928 1089 ἐγγύθεν
949 999 1047 1077 ἓστιός
1068 1002 1124 1067 καί
1140 1028 1208 1084 μα-

108 1108 225 1183 στίζων
259 1104 362 1188 συχνά
393 1104 451 1190 την
479 1103 591 1189 ψυχήν
619 1110 674 1171 καί
703 1105 823 1193 φόβους
855 1100 996 1180 άπανιας
1023 1105 1065 1190 τῷ
1086 1128 1211 1189 φαντα-

108 1208 203 1294 στικρῖ
225 1211 397 1289 προτιθείς,
419 1208 461 1282 σός
482 1206 679 1295 δποπτεάειυ
699 1211 753 1271 καί
774 1205 814 1273 τά
837 1207 1006 1271 α’νόποπτα
1025 1210 1080 1269 καί
1093 1196 1131 1269 οὗ
1153 1206 1211 1269 cdx

63 1300 269 1391 ιοῆνφόβος
304 1308 419 1388 οάδείς,
442 1307 527 1372 καθά
559 1306 635 1383 τοός
671 1306 820 1393 ἐρημίαις
849 1332 882 1371 τε
912 1310 967 1371 καί
1000 1303 1158 1392 φάραγξιν
1177 1308 1211 1371 ἒν

109 1408 246 1493 άφεγγεῖ
261 1430 293 1472 τε
314 1413 370 1473 καί
388 1398 505 1499 βόιθείρι
527 1411 618 1473 νυκτί
636 1414 859 1491 πλανωμένους
879 1406 1015 1491 πάσχειν
1032 1406 1211 1488 συμβαίνει·

107 1506 205 1589 βάτον
227 1508 288 1591 γάρ
309 1508 364 1574 καί
384 1514 501 1593 πέτραν
524 1508 578 1573 καί
606 1506 725 1595 φύλλον
750 1510 849 1592 δρυός
873 1498 958 1596 αόρρι
980 1510 1080 1601 λεπτῇ
1102 1504 1211 1570 κενοδ-

106 1630 201 1687 μενον
230 1613 353 1695 ληστιόν
383 1610 437 1698 καί
464 1614 588 1695 θηρίων
610 1610 746 1695 ἐφόδους
776 1612 927 1691 ἡγοῦνται
950 1608 1006 1672 καί
1033 1611 1209 1693 φρίττουσι,

107 1710 228 1784 δειλίας
250 1706 374 1795 άπάσης
398 1712 506 1785 adroic
528 1713 776 1794 περικεχυμένης
805 1693 1027 1791 ἁπανταχόθεν
1055 1710 1209 1789 ψευδοῦς.

15 1812 17 1819 ’
63 1824 97 1877 15
107 1807 171 1874 εἶσί
190 1810 219 1872 δ’
242 1806 273 1872 οδ
293 1809 348 1874 καί
373 1814 461 1874 τοῦτ’
484 1807 565 1875 εἶναι
587 1806 765 1895 φάσκουσιν
788 1806 890 1874 αἴτιον
911 1810 967 1873 τοῦ
992 1830 1027 1891 γε
1047 1807 1090 1891 μη
1112 1808 1209 1871 πλείω

96 1912 169 1973 -τιόν
189 1911 287 1992 τριῶν
317 1911 444 1976 ἐκείνων
479 1911 614 1993 θελῆσαι
645 1916 779 1994 ποιῆσαι
813 1912 964 1994 συνέδρια
992 1908 1098 1993 σφᾶς,
1133 1908 1210 1991 μηδ’

107 2007 249 2086 ἐξετάσει
272 2013 386 2077 δοόναι
410 2014 553 2099 κανονικῇ
575 2012 778 2097 εάγκλὴματα
801 2015 825 2053 ‘¹
846 2009 980 2091 τούτου,
1001 2009 1054 2074 ἵνα
1076 2008 1120 2091 μη
1143 2014 1209 2083 τοῖς
1218 2009 1338 2080 t'110b.

108 2106 227 2175 άπασιν
268 2113 396 2199 ἐμφανῆ
431 2116 486 2177 καί
511 2118 695 2199 σαφέστερα
725 2109 973 2195 καταστήσαντες
1006 2109 1085 2174 κατά
1115 2110 1208 2194 σφάν

107 2212 214 2275 αδιιόν
237 2211 451 2296 άναστησωσι,
473 2214 528 2278 καί
548 2211 603 2290 οδς
627 2211 823 2300 πεφόβηνται
856 2208 978 2297 φόβους
1000 2214 1098 2296 πρίν,
1126 2206 1210 2273 πάν·
1251 2287 1253 2296 Ι

59 2316 335 2397 2οτωνφανιόσιν
355 2312 545 2399 αάτόχρημα
573 2317 629 2379 νόν
650 2314 844 2398 αὐτουργοί,
869 2316 942 2377 καθ’
972 2305 1095 2384 ἓαυεςὸν
1118 2308 1211 2374 αδτοί

106 2414 345 2494 καθιστάμενοι.
379 2410 427 2479 ότι
459 2418 494 2479 δὲ
525 2419 581 2480 καί
602 2419 661 2479 τοῦ
683 2414 725 2497 μη
758 2419 855 2481 πᾶσιν
876 2416 924 2477 ἐπ’
951 2410 1021 2497 ἴσης
1046 2416 1087 2478 δι’
1110 2404 1208 2493 όχλου

104 2519 256 2599 γενέσθαι
276 2523 340 2592 τοῖς
361 2518 536 2592 άντιθέτοις
558 2515 676 2594 αδτοός
698 2520 785 2582 τοῦτ’
797 2510 878 2582 εἶναι
893 2512 1072 2601 φάσκουσιν
1093 2509 1207 2596 αἴτιον,

105 2613 158 2680 ἵνα
185 2614 233 2700 δη.
246 2604 291 2699 μη
313 2618 511 2703 φωραθῶσιν
531 2612 675 2694 ἅπαντας
696 2624 877 2703 κεκτημένοι
899 2614 1017 2701 σχεδόν
1037 2613 1208 2697 πολεμίους

106 2869 140 2922 iis
162 2870 296 2922 exoriatur
314 2869 423 2935 seditio,
443 2871 488 2939 qui
508 2871 613 2940 quidem
631 2878 716 2925 metus
735 2871 770 2923 ad
788 2880 816 2923 tc
841 2870 912 2924 band
943 2870 1027 2939 magis
1057 2870 1202 2938 pertinent,

106 2956 185 3009 quam
205 2944 227 2992 si
247 2943 306 3010 quis
316 2949 426 3007 ,statuas
445 2942 563 3008 lapideas
583 2950 609 2994 et
627 2957 724 2996 aeneas
745 2959 793 2997 sua
813 2951 909 3009 sponte
929 2944 961 2994 ad
980 2957 1051 2993 arma
1069 2949 1096 2993 et
1122 2956 1206 3009 proc.

105 3012 144 3065 lia
163 3016 266 3065 moveri
285 3013 404 3065 diceret:
424 3012 455 3065 ad
474 3013 540 3065 istos
560 3029 626 3067 vero
645 3030 772 3082 perquam
791 3014 859 3065 tales
883 3021 969 3064 metus
995 3013 1141 3080 pertinent.
1172 3014 1206 3064 iis

107 3086 188 3151 enim,
208 3086 253 3152 qui
274 3084 406 3137 maleficia
425 3085 598 3149 committunt,
620 3086 740 3136 carnifex
759 3085 863 3152 qnidam
888 3092 914 3135 et
938 3083 1113 3136 inexorabilis
1141 3084 1205 3136 vin.

106 3158 160 3208 dex
179 3157 254 3207 adest
272 3157 457 3220 conscientia,
478 3171 529 3223 qua
547 3157 634 3209 veluti
653 3157 742 3209 securi
761 3157 862 3209 animus
888 3154 1039 3223 flagellatur
1060 3164 1086 3207 et
1113 3169 1205 3208 omncs

106 3229 217 3279 timores
237 3228 447 3295 cogitationibus
468 3228 633 3292 iniiciuntur,
653 3235 682 3279 ut
700 3228 879 3295 suspicentur,
891 3228 1033 3296 quaesine
1051 3229 1206 3294 suspicione

50 3300 53 3313 “
103 3306 168 3351 sunt
185 3298 308 3366 nihilque
326 3298 495 3351 metuendum
523 3300 551 3349 in
576 3314 605 3351 se
631 3298 748 3365 habent,
779 3299 870 3350 eadem
888 3300 992 3350 ratione
1017 3299 1126 3365 affecti,
1154 3314 1206 3368 qua

107 3370 264 3422 oberrantes
286 3371 314 3422 in
336 3370 450 3423 desertis
470 3369 539 3421 locis
558 3379 637 3438 atque
656 3370 779 3422 saucibus
798 3387 879 3423 caeca
899 3378 925 3421 et
942 3371 1091 3439 caliginosa
1108 3378 1206 3423 noctes

105 3442 211 3493 dumum
231 3442 300 3493 enim
320 3450 347 3492 et
365 3440 456 3495 saxum
475 3456 506 3493 ac
531 3441 624 3493 folium
643 3440 699 3495 levi
725 3457 790 3493 aura
813 3443 939 3511 agitatum
964 3457 1012 3510 pro
1042 3442 1207 3510 praedonum
1233 3505 1237 3509 Α

106 3521 134 3564 et
157 3512 278 3563 ferarum·
290 3514 415 3581 ingressu
433 3512 533 3565 habent
551 3522 630 3582 atque
650 3513 804 3578 cohorrent,
823 3514 891 3566 falsa
900 3521 927 3564 et
937 3514 1010 3565 inani
1028 3513 1206 3580 undecunque

106 3585 282 3636 circumventi
302 3586 452 3637 timiditate.
472 3592 534 3638 sunt
553 3593 639 3636 autem
659 3594 809 3652 praeterea,
829 3583 874 3654 qni
895 3584 996 3649 dicant,
1013 3582 1065 3635 boc
1078 3586 1105 3636 in
1125 3598 1206 3636 causa

106 3670 178 3719 esse,
198 3656 340 3723 conplura
359 3671 436 3724 quam
461 3658 512 3709 tria
527 3658 580 3720 ista
599 3656 716 3709 concilia
741 3658 831 3709 iacere
858 3664 888 3707 et
903 3656 1101 3708 criminationes
1127 3656 1205 3708 istius

106 3726 254 3778 canonicae
274 3729 455 3796 disquisitioni
474 3727 608 3781 subiicere
628 3727 725 3792 nolint,
744 3745 780 3781 ne
799 3727 920 3780 omnibus
943 3743 987 3780 eas
1007 3729 1044 3778 ita
1062 3728 1205 3794 perspicue

105 3807 187 3866 atque
208 3796 306 3850 clarius
326 3798 563 3869 cognoscentibus,
586 3802 613 3851 in
632 3816 662 3852 se
681 3802 755 3867 ipsos
775 3814 867 3851 omnes
877 3800 1014 3851 concitent
1032 3806 1060 3849 et
1076 3814 1121 3864 ne,
1142 3799 1204 3867 qui.

104 3870 155 3921 bus
182 3869 320 3923 timoribus
346 3881 425 3924 antea
442 3872 532 3923 vexati
560 3878 634 3935 sunt,
664 3886 709 3923 eos
735 3886 831 3924 revera
856 3885 926 3922 nunc
948 3871 998 3922 sibi
1018 3871 1069 3937 ipsi
1095 3870 1204 3933 iaciant,
1256 3898 1259 3901 >

104 3941 215 3993 dissidio
236 3943 305 3994 inter
323 3944 396 4011 ipsos
417 3950 521 3995 exorto.
541 3943 612 4010 quod
632 3943 712 4016 adid
731 3945 838 4007 attinet,
860 3943 931 4011 quod
948 3957 1003 3993 non
1018 3942 1138 3994 omnibus
1149 3942 1204 3993 suis

104 4015 266 4067 adversariis
283 4016 384 4082 pariter
402 4016 512 4081 negotia
532 4013 685 4081 facessunt,
712 4017 769 4067 eius
797 4015 837 4066 rei
857 4029 962 4067 causam
984 4015 1063 4065 etiam
1082 4029 1142 4066 esse
1160 4010 1203 4060 di.

104 4090 177 4149 cunt,
196 4102 231 4139 ne
250 4087 288 4138 ita
308 4092 444 4155 appareat,
464 4099 555 4135 omnes
575 4084 632 4137 iere
651 4086 771 4139 homines
782 4087 919 4153 perversis
930 4099 1021 4137 eornm
1039 4080 1204 4137 novitatibus

102 4157 227 4211 intensos
247 4173 316 4211 esse.
360 4158 427 4209 haec
447 4157 529 4224 igitur
548 4166 666 4223 quartam
686 4173 808 4223 causam,
828 4174 875 4209 cnr
894 4165 922 4209 tu
941 4156 1111 4225 gravimibus
1129 4153 1203 4208 inin·
1231 4170 1233 4173 ’

200 4254 364 4327 Nitentem
384 4253 493 4326 θειροι.
519 4252 574 4309 vot.
588 4252 642 4309 111.
1002 4257 1019 4310 5

505 4370 508 4381 ,
579 4345 608 4373 a.
