<?xml version="1.0" encoding="UTF-8"?>
<!DOCTYPE html PUBLIC "-//W3C//DTD XHTML 1.0 Transitional//EN"
    "http://www.w3.org/TR/xhtml1/DTD/xhtml1-transitional.dtd">
<html xmlns="http://www.w3.org/1999/xhtml" xml:lang="en" lang="en">
 <head>
  <title>
</title>
<meta http-equiv="Content-Type" content="text/html;charset=utf-8" />
  <meta name='ocr-system' content='tesseract 3.04.00' />
  <meta name='ocr-capabilities' content='ocr_page ocr_carea ocr_par ocr_line ocrx_word'/>
</head>
<body>
  <div class='ocr_page' id='page_1' title='image "./corpusscriptoru13theogoog/corpusscriptoru13theogoog_0009.png"; bbox 0 0 3017 4759; ppageno 0'>
   <div class='ocr_carea' id='block_1_1' title="bbox 522 1192 999 1357">
    <p class='ocr_par' dir='ltr' id='par_1_1' title="bbox 522 1192 999 1357">
     <span class='ocr_line' id='line_1_1' title="bbox 522 1192 999 1357; baseline 0 -2"><span class='ocrx_word' id='word_1_1' title='bbox 522 1192 999 1357; x_wconf 14' lang='lat' dir='ltr'>prunnon-10.</span> 
     </span>
    </p>
   </div>
   <div class='ocr_carea' id='block_1_2' title="bbox 659 1480 859 1492">
    <p class='ocr_par' dir='ltr' id='par_1_2' title="bbox 659 1480 859 1492">
     <span class='ocr_line' id='line_1_2' title="bbox 659 1480 859 1492; baseline 0 -1"><span class='ocrx_word' id='word_1_2' title='bbox 659 1480 859 1492; x_wconf 48' lang='grc' dir='ltr'>..ὼ-...ιιι-</span> 
     </span>
    </p>
   </div>
   <div class='ocr_carea' id='block_1_3' title="bbox 309 1608 1309 1757">
    <p class='ocr_par' dir='ltr' id='par_1_3' title="bbox 309 1608 1309 1757">
     <span class='ocr_line' id='line_1_3' title="bbox 309 1608 1309 1757; baseline 0.002 -21"><span class='ocrx_word' id='word_1_3' title='bbox 309 1608 419 1749; x_wconf 77' lang='lat' dir='ltr'>Quae</span> <span class='ocrx_word' id='word_1_4' title='bbox 452 1683 546 1734; x_wconf 89' lang='lat' dir='ltr'>nuno</span> <span class='ocrx_word' id='word_1_5' title='bbox 576 1662 722 1757; x_wconf 90' lang='lat' dir='ltr'>primum</span> <span class='ocrx_word' id='word_1_6' title='bbox 763 1684 810 1735; x_wconf 79' lang='lat' dir='ltr'>ex</span> <span class='ocrx_word' id='word_1_7' title='bbox 839 1661 1128 1736; x_wconf 78' lang='lat' dir='ltr'>bibliothecarum</span> <span class='ocrx_word' id='word_1_8' title='bbox 1163 1662 1309 1740; x_wconf 89' lang='lat' dir='ltr'>latebris</span> 
     </span>
    </p>
   </div>
   <div class='ocr_carea' id='block_1_4' title="bbox 178 1816 1425 3546">
    <p class='ocr_par' dir='ltr' id='par_1_4' title="bbox 178 1816 1425 3546">
     <span class='ocr_line' id='line_1_4' title="bbox 209 1816 1311 1920; baseline -0.001 -24"><span class='ocrx_word' id='word_1_9' title='bbox 209 1821 351 1920; x_wconf 80' lang='lat' dir='ltr'>prodit,</span> <span class='ocrx_word' id='word_1_10' title='bbox 365 1821 483 1916; x_wconf 90' lang='lat' dir='ltr'>operis</span> <span class='ocrx_word' id='word_1_11' title='bbox 498 1816 712 1916; x_wconf 87' lang='lat' dir='ltr'>Nicephorci</span> <span class='ocrx_word' id='word_1_12' title='bbox 730 1843 812 1917; x_wconf 88' lang='lat' dir='ltr'>pars</span> <span class='ocrx_word' id='word_1_13' title='bbox 836 1832 1010 1917; x_wconf 89' lang='lat' dir='ltr'>postrema</span> <span class='ocrx_word' id='word_1_14' title='bbox 1035 1823 1121 1895; x_wconf 90' lang='lat' dir='ltr'>satis</span> <span class='ocrx_word' id='word_1_15' title='bbox 1146 1821 1206 1895; x_wconf 91' lang='lat' dir='ltr'>diu</span> <span class='ocrx_word' id='word_1_16' title='bbox 1231 1844 1311 1895; x_wconf 88' lang='lat' dir='ltr'>ma-</span> 
     </span>
     <span class='ocr_line' id='line_1_5' title="bbox 209 1960 1311 2077; baseline 0.001 -23"><span class='ocrx_word' id='word_1_17' title='bbox 209 1960 290 2055; x_wconf 83' lang='lat' dir='ltr'>num</span> <span class='ocrx_word' id='word_1_18' title='bbox 316 1982 491 2077; x_wconf 89' lang='lat' dir='ltr'>quaesivit</span> <span class='ocrx_word' id='word_1_19' title='bbox 515 1978 717 2073; x_wconf 90' lang='lat' dir='ltr'>liberalem,</span> <span class='ocrx_word' id='word_1_20' title='bbox 740 2002 807 2076; x_wconf 91' lang='lat' dir='ltr'>qua</span> <span class='ocrx_word' id='word_1_21' title='bbox 834 1980 877 2053; x_wconf 89' lang='lat' dir='ltr'>ab</span> <span class='ocrx_word' id='word_1_22' title='bbox 902 1980 1083 2054; x_wconf 89' lang='lat' dir='ltr'>oblivione</span> <span class='ocrx_word' id='word_1_23' title='bbox 1103 1980 1311 2055; x_wconf 87' lang='lat' dir='ltr'>vindicare-</span> 
     </span>
     <span class='ocr_line' id='line_1_6' title="bbox 210 2137 1311 2235; baseline -0.003 -22"><span class='ocrx_word' id='word_1_24' title='bbox 210 2150 277 2213; x_wconf 89' lang='lat' dir='ltr'>tur.</span> <span class='ocrx_word' id='word_1_25' title='bbox 328 2139 538 2235; x_wconf 76' lang='lat' dir='ltr'><strong>promiserat</strong></span> <span class='ocrx_word' id='word_1_26' title='bbox 561 2158 639 2209; x_wconf 89' lang='lat' dir='ltr'>eam</span> <span class='ocrx_word' id='word_1_27' title='bbox 664 2159 801 2210; x_wconf 88' lang='lat' dir='ltr'>manum</span> <span class='ocrx_word' id='word_1_28' title='bbox 827 2137 1012 2229; x_wconf 82' lang='lat' dir='ltr'>Boivinus,</span> <span class='ocrx_word' id='word_1_29' title='bbox 1038 2140 1199 2235; x_wconf 78' lang='lat' dir='ltr'>porrexit</span> <span class='ocrx_word' id='word_1_30' title='bbox 1223 2161 1311 2211; x_wconf 88' lang='lat' dir='ltr'>aea-</span> 
     </span>
     <span class='ocr_line' id='line_1_7' title="bbox 212 2272 1313 2395; baseline 0 -22"><span class='ocrx_word' id='word_1_31' title='bbox 212 2300 323 2374; x_wconf 88' lang='lat' dir='ltr'>demia</span> <span class='ocrx_word' id='word_1_32' title='bbox 349 2296 617 2389; x_wconf 87' lang='lat' dir='ltr'>Berolinensis,</span> <span class='ocrx_word' id='word_1_33' title='bbox 644 2272 852 2374; x_wconf 69' lang='lat' dir='ltr'>cuius&#39;cura</span> <span class='ocrx_word' id='word_1_34' title='bbox 877 2308 1082 2395; x_wconf 86' lang='lat' dir='ltr'>sumptuque</span> <span class='ocrx_word' id='word_1_35' title='bbox 1106 2296 1233 2371; x_wconf 89' lang='lat' dir='ltr'>iactum</span> <span class='ocrx_word' id='word_1_36' title='bbox 1258 2308 1313 2374; x_wconf 90' lang='lat' dir='ltr'>est</span> 
     </span>
     <span class='ocr_line' id='line_1_8' title="bbox 212 2455 1313 2551; baseline -0.005 -19"><span class='ocrx_word' id='word_1_37' title='bbox 212 2470 250 2533; x_wconf 92' lang='lat' dir='ltr'>ut</span> <span class='ocrx_word' id='word_1_38' title='bbox 279 2456 361 2531; x_wconf 91' lang='lat' dir='ltr'>libri</span> <span class='ocrx_word' id='word_1_39' title='bbox 387 2455 469 2548; x_wconf 91' lang='lat' dir='ltr'>duo,</span> <span class='ocrx_word' id='word_1_40' title='bbox 492 2456 653 2531; x_wconf 87' lang='lat' dir='ltr'>vicesimi</span> <span class='ocrx_word' id='word_1_41' title='bbox 686 2457 826 2551; x_wconf 88' lang='lat' dir='ltr'>quintus</span> <span class='ocrx_word' id='word_1_42' title='bbox 859 2467 895 2529; x_wconf 91' lang='lat' dir='ltr'>et</span> <span class='ocrx_word' id='word_1_43' title='bbox 926 2466 1047 2530; x_wconf 84' lang='lat' dir='ltr'>sextus</span> <span class='ocrx_word' id='word_1_44' title='bbox 1081 2478 1158 2528; x_wconf 89' lang='lat' dir='ltr'>cum</span> <span class='ocrx_word' id='word_1_45' title='bbox 1190 2465 1313 2550; x_wconf 89' lang='lat' dir='ltr'>quarto</span> 
     </span>
     <span class='ocr_line' id='line_1_9' title="bbox 213 2566 1316 2706; baseline -0.003 -19"><span class='ocrx_word' id='word_1_46' title='bbox 213 2613 410 2706; x_wconf 88' lang='lat' dir='ltr'>dimidiato,</span> <span class='ocrx_word' id='word_1_47' title='bbox 434 2634 482 2686; x_wconf 85' lang='lat' dir='ltr'>ex</span> <span class='ocrx_word' id='word_1_48' title='bbox 507 2611 630 2685; x_wconf 87' lang='lat' dir='ltr'>codice</span> <span class='ocrx_word' id='word_1_49' title='bbox 656 2610 828 2686; x_wconf 90' lang='lat' dir='ltr'>Vaticano</span> <span class='ocrx_word' id='word_1_50' title='bbox 857 2614 995 2703; x_wconf 82' lang='lat'>(1095)</span> <span class='ocrx_word' id='word_1_51' title='bbox 1019 2566 1316 2704; x_wconf 78' lang='lat' dir='ltr'>describerentur,</span> 
     </span>
     <span class='ocr_line' id='line_1_10' title="bbox 213 2767 1314 2868; baseline -0.001 -23"><span class='ocrx_word' id='word_1_52' title='bbox 213 2772 341 2868; x_wconf 88' lang='lat' dir='ltr'>reliqui</span> <span class='ocrx_word' id='word_1_53' title='bbox 368 2794 416 2844; x_wconf 88' lang='lat' dir='ltr'>ox</span> <span class='ocrx_word' id='word_1_54' title='bbox 442 2767 702 2845; x_wconf 88' lang='lat' dir='ltr'>Parisiensibus</span> <span class='ocrx_word' id='word_1_55' title='bbox 727 2770 853 2864; x_wconf 85' lang='lat' dir='ltr'>Regiis</span> <span class='ocrx_word' id='word_1_56' title='bbox 889 2770 1008 2859; x_wconf 77' lang='lat'>(1276</span> <span class='ocrx_word' id='word_1_57' title='bbox 1033 2782 1069 2844; x_wconf 91' lang='lat' dir='ltr'>et</span> <span class='ocrx_word' id='word_1_58' title='bbox 1094 2772 1234 2864; x_wconf 85' lang='lat'>3075),</span> <span class='ocrx_word' id='word_1_59' title='bbox 1259 2771 1314 2844; x_wconf 90' lang='lat' dir='ltr'>illi</span> 
     </span>
     <span class='ocr_line' id='line_1_11' title="bbox 214 2913 1313 3022; baseline 0.002 -20"><span class='ocrx_word' id='word_1_60' title='bbox 214 2929 256 3002; x_wconf 90' lang='lat' dir='ltr'>ab</span> <span class='ocrx_word' id='word_1_61' title='bbox 282 2913 437 3003; x_wconf 80' lang='lat' dir='ltr'>Henrico</span> <span class='ocrx_word' id='word_1_62' title='bbox 463 2927 631 3021; x_wconf 91' lang='lat' dir='ltr'>Brunno,</span> <span class='ocrx_word' id='word_1_63' title='bbox 658 2928 694 3002; x_wconf 96' lang='lat' dir='ltr'>hi</span> <span class='ocrx_word' id='word_1_64' title='bbox 720 2951 740 3000; x_wconf 91' lang='lat' dir='ltr'>a</span> <span class='ocrx_word' id='word_1_65' title='bbox 767 2926 976 3003; x_wconf 90' lang='lat' dir='ltr'>Wladimiro</span> <span class='ocrx_word' id='word_1_66' title='bbox 1002 2928 1176 3022; x_wconf 91' lang='lat' dir='ltr'>Bruneto,</span> <span class='ocrx_word' id='word_1_67' title='bbox 1203 2928 1313 3004; x_wconf 91' lang='lat' dir='ltr'>doctis</span> 
     </span>
     <span class='ocr_line' id='line_1_12' title="bbox 215 3085 1315 3181; baseline -0.001 -20"><span class='ocrx_word' id='word_1_68' title='bbox 215 3085 411 3161; x_wconf 89' lang='lat' dir='ltr'>hominibus</span> <span class='ocrx_word' id='word_1_69' title='bbox 429 3110 472 3162; x_wconf 90' lang='lat' dir='ltr'>ac</span> <span class='ocrx_word' id='word_1_70' title='bbox 495 3089 676 3181; x_wconf 83' lang='lat' dir='ltr'>negotium</span> <span class='ocrx_word' id='word_1_71' title='bbox 702 3108 801 3161; x_wconf 89' lang='lat' dir='ltr'>suum</span> <span class='ocrx_word' id='word_1_72' title='bbox 833 3085 981 3161; x_wconf 85' lang='lat' dir='ltr'>fideliter</span> <span class='ocrx_word' id='word_1_73' title='bbox 1007 3086 1195 3163; x_wconf 85' lang='lat' dir='ltr'>exsecutis.</span> <span class='ocrx_word' id='word_1_74' title='bbox 1248 3108 1315 3160; x_wconf 91' lang='lat' dir='ltr'>co-</span> 
     </span>
     <span class='ocr_line' id='line_1_13' title="bbox 178 3222 1317 3343; baseline -0.002 -23"><span class='ocrx_word' id='word_1_75' title='bbox 178 3234 184 3247; x_wconf 38' lang='lat'><strong>*</strong></span> <span class='ocrx_word' id='word_1_76' title='bbox 215 3247 286 3320; x_wconf 88' lang='lat' dir='ltr'>dex</span> <span class='ocrx_word' id='word_1_77' title='bbox 300 3222 490 3320; x_wconf 80' lang='lat' dir='ltr'>Vaticanus</span> <span class='ocrx_word' id='word_1_78' title='bbox 508 3244 713 3322; x_wconf 86' lang='lat' dir='ltr'>chartaceus</span> <span class='ocrx_word' id='word_1_79' title='bbox 740 3268 820 3322; x_wconf 90' lang='lat' dir='ltr'>esse</span> <span class='ocrx_word' id='word_1_80' title='bbox 833 3246 1047 3343; x_wconf 82' lang='lat' dir='ltr'>perhibetur,</span> <span class='ocrx_word' id='word_1_81' title='bbox 1072 3244 1195 3322; x_wconf 91' lang='lat' dir='ltr'>seculo</span> <span class='ocrx_word' id='word_1_82' title='bbox 1221 3247 1317 3319; x_wconf 88' lang='lat' dir='ltr'>scri-</span> 
     </span>
     <span class='ocr_line' id='line_1_14' title="bbox 216 3403 1425 3546; baseline 0.002 -69"><span class='ocrx_word' id='word_1_83' title='bbox 216 3412 294 3501; x_wconf 92' lang='lat' dir='ltr'>ptus</span> <span class='ocrx_word' id='word_1_84' title='bbox 329 3403 463 3477; x_wconf 89' lang='lat' dir='ltr'>decimo</span> <span class='ocrx_word' id='word_1_85' title='bbox 509 3413 632 3546; x_wconf 68' lang='lat' dir='ltr'>puarto</span> <span class='ocrx_word' id='word_1_86' title='bbox 675 3406 736 3479; x_wconf 89' lang='lat' dir='ltr'>vel</span> <span class='ocrx_word' id='word_1_87' title='bbox 774 3408 915 3501; x_wconf 89' lang='lat' dir='ltr'>quinto,</span> <span class='ocrx_word' id='word_1_88' title='bbox 950 3404 1108 3480; x_wconf 89' lang='lat' dir='ltr'>manibus</span> <span class='ocrx_word' id='word_1_89' title='bbox 1146 3403 1316 3501; x_wconf 90' lang='lat' dir='ltr'>pluribus,</span> <span class='ocrx_word' id='word_1_90' title='bbox 1421 3502 1425 3507; x_wconf 88' lang='lat'>.</span> 
     </span>
    </p>
   </div>
   <div class='ocr_carea' id='block_1_5' title="bbox 214 3558 1316 3656">
    <p class='ocr_par' dir='ltr' id='par_1_5' title="bbox 214 3558 1316 3656">
     <span class='ocr_line' id='line_1_15' title="bbox 214 3558 1316 3656; baseline 0.001 -23"><span class='ocrx_word' id='word_1_91' title='bbox 214 3559 318 3633; x_wconf 88' lang='lat' dir='ltr'>modo</span> <span class='ocrx_word' id='word_1_92' title='bbox 358 3558 545 3654; x_wconf 81' lang='lat' dir='ltr'>diligenter</span> <span class='ocrx_word' id='word_1_93' title='bbox 574 3561 678 3635; x_wconf 92' lang='lat' dir='ltr'>modo</span> <span class='ocrx_word' id='word_1_94' title='bbox 718 3584 831 3639; x_wconf 89' lang='lat' dir='ltr'>secus.</span> <span class='ocrx_word' id='word_1_95' title='bbox 892 3562 936 3636; x_wconf 89' lang='lat' dir='ltr'>dc</span> <span class='ocrx_word' id='word_1_96' title='bbox 970 3560 1162 3636; x_wconf 88' lang='lat' dir='ltr'>Parisiensi</span> <span class='ocrx_word' id='word_1_97' title='bbox 1195 3563 1316 3656; x_wconf 91' lang='lat' dir='ltr'>priore</span> 
     </span>
    </p>
   </div>
   <div class='ocr_carea' id='block_1_6' title="bbox 102 3719 876 3816">
    <p class='ocr_par' dir='ltr' id='par_1_6' title="bbox 102 3719 876 3816">
     <span class='ocr_line' id='line_1_16' title="bbox 102 3719 876 3816; baseline 0.006 -26"><span class='ocrx_word' id='word_1_98' title='bbox 102 3807 110 3814; x_wconf 34' lang='lat'><em>·</em></span> <span class='ocrx_word' id='word_1_99' title='bbox 218 3720 339 3793; x_wconf 89' lang='lat' dir='ltr'>scitum</span> <span class='ocrx_word' id='word_1_100' title='bbox 365 3729 419 3795; x_wconf 87' lang='lat' dir='ltr'>est</span> <span class='ocrx_word' id='word_1_101' title='bbox 441 3720 546 3816; x_wconf 89' lang='lat' dir='ltr'>quod·</span> <span class='ocrx_word' id='word_1_102' title='bbox 559 3719 665 3794; x_wconf 88' lang='lat' dir='ltr'>tradit</span> <span class='ocrx_word' id='word_1_103' title='bbox 690 3719 876 3797; x_wconf 87' lang='lat' dir='ltr'>Bruuetus.</span> 
     </span>
    </p>
   </div>
   <div class='ocr_carea' id='block_1_7' title="bbox 275 3854 1317 4247">
    <p class='ocr_par' dir='ltr' id='par_1_7' title="bbox 275 3854 1317 4247">
     <span class='ocr_line' id='line_1_17' title="bbox 356 3854 1315 3945; baseline 0.005 -26"><span class='ocrx_word' id='word_1_104' title='bbox 356 3854 414 3919; x_wconf 88' lang='lat' dir='ltr'>Las</span> <span class='ocrx_word' id='word_1_105' title='bbox 443 3854 538 3921; x_wconf 87' lang='lat' dir='ltr'>livres</span> <span class='ocrx_word' id='word_1_106' title='bbox 567 3854 753 3939; x_wconf 86' lang='lat' dir='ltr'>historiques</span> <span class='ocrx_word' id='word_1_107' title='bbox 786 3860 826 3922; x_wconf 71' lang='lat'>28</span> <span class='ocrx_word' id='word_1_108' title='bbox 848 3865 880 3921; x_wconf 92' lang='lat' dir='ltr'>et</span> <span class='ocrx_word' id='word_1_109' title='bbox 910 3858 950 3923; x_wconf 70' lang='lat'>99</span> <span class='ocrx_word' id='word_1_110' title='bbox 972 3865 1002 3920; x_wconf 88' lang='lat' dir='ltr'>et</span> <span class='ocrx_word' id='word_1_111' title='bbox 1033 3860 1081 3922; x_wconf 90' lang='lat' dir='ltr'>les</span> <span class='ocrx_word' id='word_1_112' title='bbox 1102 3858 1315 3945; x_wconf 82' lang='lat' dir='ltr'>dogmatiques</span> 
     </span>
     <span class='ocr_line' id='line_1_18' title="bbox 319 3954 1316 4042; baseline 0.006 -23"><span class='ocrx_word' id='word_1_113' title='bbox 319 3958 347 4037; x_wconf 89' lang='lat'>1,</span> <span class='ocrx_word' id='word_1_114' title='bbox 368 3954 468 4021; x_wconf 73' lang='lat' dir='ltr'>seth</span> <span class='ocrx_word' id='word_1_115' title='bbox 490 3964 559 4021; x_wconf 89' lang='lat' dir='ltr'>sont</span> <span class='ocrx_word' id='word_1_116' title='bbox 577 3957 667 4022; x_wconf 87' lang='lat' dir='ltr'>d’uue</span> <span class='ocrx_word' id='word_1_117' title='bbox 690 3959 823 4023; x_wconf 75' lang='lat' dir='ltr'>doriwre</span> <span class='ocrx_word' id='word_1_118' title='bbox 843 3959 959 4042; x_wconf 86' lang='lat' dir='ltr'>rapide,</span> <span class='ocrx_word' id='word_1_119' title='bbox 983 3968 1135 4040; x_wconf 88' lang='lat' dir='ltr'>correcte,</span> <span class='ocrx_word' id='word_1_120' title='bbox 1159 3964 1235 4027; x_wconf 87' lang='lat' dir='ltr'>mais</span> <span class='ocrx_word' id='word_1_121' title='bbox 1255 3979 1316 4042; x_wconf 93' lang='lat' dir='ltr'>peu</span> 
     </span>
     <span class='ocr_line' id='line_1_19' title="bbox 275 4056 1315 4142; baseline 0.004 -21"><span class='ocrx_word' id='word_1_122' title='bbox 275 4128 277 4142; x_wconf 49' lang='lat'>,</span> <span class='ocrx_word' id='word_1_123' title='bbox 316 4056 471 4141; x_wconf 74' lang='lat' dir='ltr'>ragniidre</span> <span class='ocrx_word' id='word_1_124' title='bbox 495 4065 525 4121; x_wconf 90' lang='lat' dir='ltr'>et</span> <span class='ocrx_word' id='word_1_125' title='bbox 547 4068 676 4123; x_wconf 88' lang='lat' dir='ltr'>souvent</span> <span class='ocrx_word' id='word_1_126' title='bbox 697 4060 822 4125; x_wconf 85' lang='lat' dir='ltr'>difficile</span> <span class='ocrx_word' id='word_1_127' title='bbox 841 4062 859 4123; x_wconf 81' lang='lat' dir='ltr'>d</span> <span class='ocrx_word' id='word_1_128' title='bbox 880 4059 948 4125; x_wconf 84' lang='lat' dir='ltr'>lire.</span> <span class='ocrx_word' id='word_1_129' title='bbox 994 4061 1037 4125; x_wconf 81' lang='lat' dir='ltr'>Ge</span> <span class='ocrx_word' id='word_1_130' title='bbox 1057 4065 1139 4124; x_wconf 85' lang='lat' dir='ltr'>u’ast</span> <span class='ocrx_word' id='word_1_131' title='bbox 1159 4062 1315 4125; x_wconf 85' lang='lat' dir='ltr'>certaine-</span> 
     </span>
     <span class='ocr_line' id='line_1_20' title="bbox 317 4158 1317 4247; baseline 0.009 -26"><span class='ocrx_word' id='word_1_132' title='bbox 317 4166 400 4223; x_wconf 87' lang='lat' dir='ltr'>ment</span> <span class='ocrx_word' id='word_1_133' title='bbox 427 4175 483 4240; x_wconf 88' lang='lat' dir='ltr'>pas</span> <span class='ocrx_word' id='word_1_134' title='bbox 514 4159 671 4226; x_wconf 77' lang='lat' dir='ltr'>l&#39;donitaue</span> <span class='ocrx_word' id='word_1_135' title='bbox 701 4160 772 4228; x_wconf 89' lang='lat' dir='ltr'>d’un</span> <span class='ocrx_word' id='word_1_136' title='bbox 794 4162 980 4247; x_wconf 81' lang='lat' dir='ltr'>ooihgraphe</span> <span class='ocrx_word' id='word_1_137' title='bbox 1012 4158 1261 4245; x_wconf 72' lang='lat' dir='ltr'>reproferatus,</span> <span class='ocrx_word' id='word_1_138' title='bbox 1283 4169 1317 4230; x_wconf 83' lang='lat' dir='ltr'>et</span> 
     </span>
    </p>
   </div>
   <div class='ocr_carea' id='block_1_8' title="bbox 0 0 1531 4759">
    <p class='ocr_par' dir='ltr' id='par_1_8' title="bbox 0 0 1531 4759">
     <span class='ocr_line' id='line_1_21' title="bbox 0 0 1531 4759; baseline 0 0"><span class='ocrx_word' id='word_1_139' title='bbox 0 0 1531 4759; x_wconf 95' lang='lat' dir='ltr'> </span> 
     </span>
    </p>
   </div>
  </div>
 </body>
</html>
