3017 4759
271 260 345 340 aad
575 246 800 341 nncanno‘m
837 268 1067 339 careonis

189 434 195 447 ‘
270 437 381 511 αὐτοῖς
403 438 457 499 καὶ
476 440 604 510 πλείους
624 437 730 501 adsuit·
750 440 850 519 ἓτερον
873 435 912 499 τὰ
945 428 1039 516 δ’μοιο
1062 431 1291 516 ἐπεπόνθεσαν,
1316 428 1375 500 κατ’

269 530 313 609 ὥς
334 534 541 619 ἑμβρὸντητοί
559 560 639 611 τινες
659 540 715 602 καί
735 536 890 623 θεηλάτην
904 540 1004 624 μανίην
1030 539 1093 598 τινὶ
1122 535 1287 617 πληγέντες
1311 534 1372 599 ov’u

268 632 375 700 ἴσασιν
396 629 441 700 ὅτι
469 640 578 725 δρῷεν,
601 637 681 701 α’λλά
703 641 945 720 περινοστοῦσιν
974 634 1004 700 oi
1031 638 1197 715 δυσσεβεῖς
1217 636 1271 699 κατ’
1294 631 1372 712 ἔξιτ’-

267 760 367 820 γιοτοι
391 738 575 819 μεθυόντων
599 731 619 822 ἢ
640 742 839 819 μαινομένων
865 740 963 821 δίκην,
988 738 1063 800 καθ’
1084 730 1207 800 ἓαυταῖν
1226 739 1369 819 βακχεύ-

209 845 216 855 ’
269 842 357 911 υντές
388 863 423 902 τε
464 842 520 903 καί
552 840 849 925 οἷοτρηλατούμενοι
883 837 991 902 καινόν
1024 861 1094 901 τινα
1118 836 1174 899 καί
1202 838 1397 923 τερατώδη5

267 936 393 1022 τρόπον.
453 924 457 931 ’

202 1043 259 1097 10
364 1038 440 1121 Ἔγοδ
471 1043 523 1127 δέ,
558 1045 693 1131 μηδαμῇ
716 1045 774 1107 τοῦ
787 1044 921 1124 καιροῦΙ
954 1039 1198 1123 συγχωροῦντος
1225 1063 1278 1121 μοι
1301 1046 1369 1113 τοῖς

268 1138 390 1219 ὁμοίαις
410 1144 656 1225 ἐνδιατριβειν’
641 1167 673 1219 ες
692 1141 726 1208 tri
748 1141 851 1223 παρόν
872 1142 1090 1261 α’φηγὴμασιν,
1114 1143 1166 1227 ἐφ’
1182 1138 1274 1223 ἕτερα
1295 1144 1369 1220 τρέ-

266 1256 391 1323 ψυμαι,
413 1245 648 1360 πλατυτέραν’
633 1247 751 1327 εκεῖνης
771 1240 1023 1361 ταμιευσάμενος
1051 1240 1108 1324 τήν
1139 1238 1299 1326 ἀφήγησιν
1323 1239 1368 1313 cic

268 1342 351 1418 εἰκὸς
374 1341 505 1426 προὶων.
548 1369 620 1429 αρτι
633 1370 694 1427 γαρ
719 1348 793 1427 περὶ
814 1368 934 1426 τροπας
949 1338 1088 1425 θερινὰς
1110 1366 1163 1405 του
1153 1341 1270 1424 Ηῆλιου
1292 1344 1368 1425 ε’λη-
1378 1356 1415 1411 10

267 1440 421 1523 λνθὸτος,
452 1445 562 1507 ἕνδεκα
593 1448 706 1508 νανσδν
739 1448 774 1508 ἐκ
797 1443 983 1523 Βυζαντίων
1013 1447 1146 1523 λιμένων
1177 1442 1193 1505 o‘
1215 1440 1366 1522 βασιλευς

266 1542 423 1625 α’ναχθεδς
452 1546 711 1630 Καντακουζηνὸς
737 1542 908 1626 ἑβδομαῖος
945 1542 977 1619 ἐς
1010 1544 1145 1613 Τένεδον,
1173 1544 1364 1628 ἀφικνεῖται,

264 1650 478 1729 πολεμησεῖων
500 1648 569 1710 ἐκεῖ
585 1650 627 1733 τῷ
644 1651 777 1735 γαμβρῷ
803 1644 1029 1736 Παλαιυλόγηι·
1058 1636 1168 1729 ἤλπιζε
1189 1645 1250 1725 γὰρ
1274 1646 1365 1707 δυοῖν

262 1741 422 1826 θάτερον,
453 1737 648 1836 ἢπροδοσῖρι
676 1752 741 1811 ταῖν
764 1746 892 1811 ἔνδοθεν
918 1736 937 1829 ἢ
960 1746 997 1831 τῇ
1019 1742 1138 1824 ἔξωθεν
1161 1740 1249 1831 μάχῃ
1272 1743 1365 1828 cipa-

263 1846 388 1920 λοὶκτοις
418 1848 451 1909 ἐκ
472 1850 530 1909 τοῦ
551 1849 715 1931 αἰφνιδίου
750 1850 961 1926 ε’πεισπεσοδν,
984 1844 1086 1910 αὐτόν
1108 1869 1140 1910 τε
1162 1838 1228 1925 ἅμα
1253 1848 1309 1909 κατ’
1327 1845 1363 1909 τὸ
1375 1872 1411 1927 15

261 1949 318 2029 τῆς
338 1950 471 2011 Τενέδου
492 1945 735 2033 καταλήψεσθαι
754 1946 920 2033 φρούριόν,
943 1946 997 2010 κατ’
1011 1948 1077 2011 ἀντ’
1094 1948 1195 2010 oritoni
1215 1946 1272 2009 τόν
1292 1943 1363 2009 uitio

261 2040 374 2112 αὗτόθι
397 2052 603 2131 καταλείψειν
627 2052 813 2129 Ματθαῖον,
843 2050 884 2139 τῷ
907 2052 1007 2132 πατρὶ
1027 2050 1196 2133 τηνικαῦτα
1219 2047 1360 2127 συμπλέ.

228 2149 233 2154 ’
262 2145 336 2212 οντα
360 2146 443 2230 ὁμοῦ
464 2153 505 2236 τῇ
526 2150 662 2239 ονζδγφ.
707 2151 778 2214 ἕπετ’
798 2153 832 2215 δὲ
853 2154 896 2239 τῷ
918 2154 1021 2231 λιμένι
1046 2152 1109 2213 τῶν
1133 2151 1286 2212 Τενεδίων
1305 2144 1362 2211 τὸν

260 2245 410 2314 εἴσπλουν
432 2255 693 2335 προαισθομένων
715 2255 748 2330 ἐξ
766 2250 885 2337 ἐφόδου
908 2250 1105 2334 ποιήσασθαι
1129 2242 1242 2331 ἥκιστα
1259 2246 1360 2331 ἔσχεν,

239 2345 315 2415 -tut
336 2350 458 2433 θάτερα
490 2350 596 2417 λοιπὸν
627 2355 682 2436 τῆς
716 2350 815 2437 νηόου
839 2348 1071 2436 παραπλεδοας
1103 2347 1221 2425 ποὶσαις
1241 2352 1301 2429 μὲν
1321 2350 1407 2442 'aito

259 2452 300 2535 γῇ
313 2459 384 2525 ταῖς
397 2453 510 2515 ναυσὶν
521 2453 679 2535 α’ποβῆναι
697 2453 917 2535 προσσχόντας
939 2444 1049 2534 ἥκιστα
1065 2447 1166 2531 ἔκρινε
1190 2452 1270 2529 δέον,
1295 2450 1361 2512 δέει

261 2554 317 2613 τοῦ
340 2552 385 2635 μη
407 2555 451 2639 τῷ
470 2555 607 2641 πλειότρι
626 2557 716 2634 μέρει
747 2557 941 2628 κενωθείοας
960 2549 1019 2627 τὰς
1047 2554 1125 2627 ναῦς
1146 2555 1188 2638 τῷ
1211 2556 1359 2615 Παλαιο·

262 2645 343 2742 λόγῳ
363 2649 420 2750 την
440 2653 567 2737 γνοδμην
587 2656 869 2737 προστεθειμὲνας,
894 2654 1096 2739 ζημιωθῆναι
1115 2650 1160 2737 μὴ
1181 2650 1278 2735 μόνον
1301 2646 1358 2714 atio

259 3036 333 3090 didit.
369 3050 429 3088 nam
449 3043 556 3104 praeter
575 3052 622 3090 eos
640 3037 714 3105 ipsos
734 3037 812 3089 etiam
831 3035 923 3103 plures
943 3034 990 3088 alii
1008 3035 1107 3089 similia
1123 3036 1195 3102 passi
1216 3041 1299 3086 eraut.
1331 3040 1359 3088 et

259 3108 447 3177 fulguritorum
466 3110 550 3160 instar
569 3117 596 3161 et
612 3110 704 3162 divina
726 3110 835 3178 quadam
856 3108 959 3159 insania
980 3109 1050 3174 capti
1070 3106 1133 3174 quid
1152 3106 1302 3158 iaciendum
1321 3106 1356 3158 sit

257 3179 391 3231 nesciunt.
437 3179 482 3230 sed
504 3179 625 3232 homines
650 3182 724 3247 impii
751 3189 777 3231 et
805 3179 937 3231 exsecrati
962 3181 989 3229 in
1008 3188 1130 3247 potorum
1159 3178 1358 3245 furentiumque

257 3250 363 3301 modum
382 3257 474 3301 contra
498 3259 584 3302 semet
611 3253 663 3319 ipsi
681 3251 843 3303 bacchantes
875 3258 901 3301 et
919 3250 1084 3302 insanientes
1112 3265 1210 3302 novam
1228 3249 1357 3317 quandam

259 3328 286 3373 et
304 3320 397 3377 miram
418 3328 566 3389 sequuntur
584 3324 724 3375 rationem.

356 3414 486 3501 Equidem
505 3433 584 3484 quum
602 3419 630 3469 in
648 3418 728 3470 rebus
754 3418 885 3471 similibus
904 3419 1001 3470 morari
1033 3425 1143 3485 propter
1163 3418 1291 3484 temporis
1309 3431 1356 3467 ra-

257 3488 357 3538 tionem
375 3488 483 3539 minime
503 3486 586 3540 liceat
603 3506 674 3541 nuuc
692 3492 847 3542 narrataone
866 3490 968 3542 adalia
987 3505 1065 3541 versa
1084 3487 1226 3556 prolixiori
1244 3502 1356 3555 parcens

257 3559 420 3625 expositioni
438 3560 478 3610 uti
496 3560 575 3611 decet
588 3576 707 3630 pergam.
746 3562 805 3628 ipso
826 3562 895 3619 euim
914 3559 1031 3613 solstitio
1045 3560 1149 3612 aestivo
1165 3560 1286 3611 undecim
1305 3574 1357 3610 ua-

257 3629 334 3681 vibus
353 3640 449 3683 vectus
471 3647 486 3683 e
507 3640 585 3699 portu
596 3632 727 3699 Byzantio
746 3633 948 3686 Gantacuuenus
969 3647 1018 3684 rex
1037 3632 1081 3684 die
1099 3632 1212 3698 septimo
1224 3630 1357 3682 Tenedum

257 3703 382 3767 pervenit
405 3718 463 3754 curn
482 3702 646 3773 Palaeoiogo
667 3704 749 3757 affine
775 3704 814 3756 ibi
834 3705 1014 3765 dimicaturus.
1059 3702 1184 3770 sperabat
1209 3703 1277 3753 enim
1299 3700 1357 3752 iore

255 3770 422 3837 alterutrum,
441 3782 474 3825 ut
488 3783 534 3826 aut
554 3774 702 3828 incolarum
721 3776 873 3843 proditione
897 3783 943 3827 aut
961 3789 1051 3843 pugna
1078 3782 1152 3825 extra
1171 3774 1310 3825 commissa‘
1329 3773 1358 3822 in

145 3890 150 3895 .
255 3856 303 3892 eos
322 3810 443 3895 custodia
463 3846 605 3900 destitutos
623 3848 711 3899 subito
731 3847 879 3899 incidens'
872 3862 958 3914 rpsum
978 3846 1110 3914 simulque
1129 3844 1228 3897 Tenedi
1251 3844 1357 3911 praesi-

254 3914 325 3964 dium
344 3921 453 3980 caperet
478 3923 505 3967 et
526 3916 573 3984 pto
605 3933 638 3969 eo
662 3919 746 3971 filium
774 3917 811 3970 ibi
832 3925 941 3985 caperet
959 3917 1124 3980 biutbaeum,
1154 3917 1199 3985 qui
1227 3931 1279 3968 unu
1299 3928 1358 3965 cum

254 3998 339 4036 uxore
360 3999 392 4035 eo
412 3992 534 4052 tempore
556 3990 731 4041 comitabatur
755 3996 867 4055 patrem.
916 3996 1054 4073 postquam
1074 3996 1161 4039 autem
1180 3988 1288 4039 minime
1305 3999 1359 4053 po.

254 4058 306 4108 tuit
329 4057 416 4109 statim
428 4058 562 4125 attingere
573 4068 678 4125 portum
687 4060 863 4113 Tenediorum
883 4062 981 4127 quippe
993 4062 1033 4111 rei
1051 4074 1105 4112 non
1121 4060 1284 4128 ignarorum.
1306 4072 1358 4110 ve-

256 4128 357 4179 ritino
383 4144 469 4181 naves
487 4130 623 4181 maximam
647 4140 748 4203 partem
769 4138 913 4183 evacuatae
935 4130 1098 4199 Palaeoiogo
1126 4132 1280 4213 opinionem
1298 4141 1358 4179 roo-

253 4205 367 4265 serent,
392 4215 444 4271 qua
462 4214 518 4253 non
536 4200 623 4254 solum
643 4197 698 4258 to'tu
717 4202 873 4269 expeditio
865 4216 893 4253 m
907 4202 1028 4255 consiliis
1048 4210 1075 4254 et
1092 4201 1238 4255 rationibus
1256 4202 1291 4255 uit
1308 4199 1360 4252 de.
