3017 4759
274 231 345 303 128
580 232 806 300 NICEPHORI
837 227 1066 297 GREGORAE

272 406 378 482 ρείται
407 395 527 480 δρόμον
558 397 615 457 τοό
642 396 778 478 χρόνον,
811 394 870 455 τοῦ
901 393 979 455 θεοῦ
1010 384 1053 471 μή
1084 392 1219 466 ταχεῖαν
1247 380 1376 465 ἐπάγειν

272 501 434 570 δθόλοντος
462 493 520 578 την
542 498 710 580 ἐκδίκησιν,
733 493 803 556 αλλ’
825 494 939 565 ίοόντος
968 486 1065 553 παντί
1084 484 1118 551 τό
1142 484 1283 565 νόμισμα
1303 486 1379 545 δια-

271 599 511 675 ιιωδωνίζεοθαιΙ
538 594 665 682 τρόπῳ,
699 595 770 657 αλλ’
803 589 1066 674 ἀναλογιζόμενον
1094 589 1148 651 ε’πί
1179 586 1305 649 σαυτοό
1335 579 1376 645 τά

272 698 373 761 πάλαι
390 694 553 781 γενόμενα,
577 698 631 757 καί
652 696 812 779 θεοφιλῶς
833 687 1039 773 άνιχνεόοντά
1052 713 1085 753 τε
1108 688 1164 751 καί
1184 684 1380 765 άναλεγόμτ-

271 820 324 861 νον
344 798 472 876 ἕκαστα,
494 796 601 884 σαυτῷ
622 818 654 858 τε
683 796 739 857 καί
758 799 884 866 πολλοῖς
913 786 1032 874 ἑτέροις
1060 790 1208 854 ἐντεῦθεν
1228 786 1406 867 μεγίστηνὸ

272 900 426 978 παράχεον
448 896 619 980 ιόφόλειαν.
661 892 790 968 α’κοόεις
810 888 871 977 γάρ
901 894 958 956 τοῦ
979 889 1120 972 μεγάλου
1142 881 1378 951 τῶντοιούτων

273 998 371 1062 ιάτοῖν
389 994 651 1079 χρυσορρήμονος
683 998 826 1077 λέγοντος
857 986 899 1067 ὥς
919 994 952 1055 ἐν
976 992 1154 1073 προοιμίοις
1174 986 1232 1051 τοῦ
1254 982 1377 1068 κηρόγ-

272 1116 369 1174 ματος
384 1098 544 1181 Στέφανος
566 1091 583 1157 ό
608 1093 690 1179 ὑπὲρ
712 1091 786 1167 τοὺς
808 1088 970 1172 πυταμούς
991 1088 1072 1173 ῥόων
1088 1086 1142 1152 καί
1161 1082 1281 1160 πάντας
1305 1086 1378 1148 ἐπι-

275 1197 451 1274 στομιζων,
486 1195 563 1260 οόδό
591 1192 692 1258 πολόν
727 1191 863 1277 ποιήσας
894 1188 927 1256 όν
960 1192 1002 1278 τῷ
1039 1185 1216 1276 κηρύγματι
1249 1184 1378 1269 χρόνον,

275 1293 395 1379 άθρόον
418 1294 543 1379 ἡρπάγη
564 1298 618 1359 καί
639 1293 683 1369 ὦς
700 1289 891 1379 βλάσφημος
914 1288 1136 1369 κατεδικάζετό
1152 1312 1185 1353 τε
1208 1290 1264 1375 καί
1285 1308 1379 1351 κατε·
1390 1301 1427 1363 10
1465 1284 1469 1288 ’

275 1394 391 1461 λόετο·
439 1400 495 1459 καί
513 1392 663 1478 Ἰάκωβος
687 1396 716 1459 δ’
747 1397 780 1459 ἐν
802 1395 900 1481 ,α’ρχῇ
932 1398 988 1457 καί
1012 1391 1108 1465 ου’τός
1140 1392 1174 1466 ἐξ
1202 1380 1302 1471 ου’τῆς
1337 1385 1382 1461 οός

276 1492 376 1560 εἰπεῖν
400 1500 454 1579 τῆς
471 1497 621 1578 βαλβῖδος
636 1490 822 1578 άνεοπάσθη
844 1499 899 1558 κατ’
920 1493 1114 1577 άποτμηθείς
1133 1492 1179 1566 εἰς
1199 1486 1295 1571 χάριν
1319 1488 1382 1550 τῶν
1405 1491 1412 1501 ’

276 1596 441 1663 Ἰουδαίων
464 1596 521 1678 ὑφ’
537 1594 685 1680 Ἡρώδου
707 1592 760 1661 τόν
784 1596 853 1678 βίον
876 1598 1029 1659 κατέλυσε
1049 1595 1165 1663 στόλος
1194 1586 1248 1653 καί
1268 1584 1382 1671 ἑδραί-

241 1709 350 1785 Οωμα
372 1700 557 1781 τηλικοῦτον
586 1698 643 1778 τῆς
673 1696 837 1779 άληθοιάς.
878 1694 921 1777 μὴ
955 1686 1013 1757 σόν
1035 1685 1210 1777 θαυμάοης
1230 1689 1261 1753 εἰ
1281 1685 1325 1770 μὴ
1348 1688 1382 1751 ἐκ

276 1799 449 1881 προοιμίων
480 1798 557 1878 μηδ’
583 1794 705 1870 εόθόως
735 1794 907 1860 όκδικεῖται
925 1791 1017 1878 ’παρά
1041 1794 1118 1857 θεοῦ
1140 1787 1180 1853 τά
1203 1789 1429 1863 λυποῦνταῚῡ

277 1894 351 1973 ἔθος
378 1894 438 1979 γάρ
469 1897 558 1985 αότιβ
577 1894 622 1979 μὴ
656 1900 688 1960 ἕν
722 1897 808 1982 άρχῇ
830 1892 868 1960 τά
892 1894 979 1959 δεινόι
1002 1892 1106 1974 λόειν,
1130 1890 1199 1953 ἀλλ’
1221 1883 1296 1953 όταν
1319 1891 1384 1951 αό-

278 1998 360 2080 ξηθῇ
381 1996 436 2059 καί
457 1993 543 2078 παρά
577 1998 641 2060 τῶν
662 1994 814 2061 πλειόνων
845 1995 1046 2081 άπογνωσθῂ.
1092 1988 1219 2064 άκοόεις
1239 1991 1267 2052 δ’
1293 1984 1379 2064 ὅπως

278 2094 371 2192 καίηό
390 2090 562 2179 μέν”Αβελ
591 2100 712 2172 δίκαιος
732 2092 777 2161 τόν
799 2096 960 2182 ε’φονεόθη
981 2092 1078 2176 ταχό,
1111 2086 1127 2155 ό
1153 2092 1189 2155 δὲ
1214 2090 1301 2155 Κάῖν
1324 2086 1381 2175 ἔζη

145 2191 408 2281 λλλόωμανρόν,
444 2196 482 2260 ἵν’
512 2201 678 2281 ἐλέγχηται
702 2200 796 2261 πλέον
830 2196 986 2281 ἢτοότου
1007 2193 1123 2259 κακία·
1177 2194 1233 2259 καί
1255 2185 1298 2259 πό
1321 2188 1383 2253 “d

276 2298 336 2377 μὲν
356 2295 538 2379 πρόδρομος
563 2300 706 2382 Ἰωάννης
727 2298 784 2382 τὴν
806 2295 947 2385 κεφαλὴν
971 2296 1144 2385 α’φηρεῖτο,
1175 2296 1191 2360 ό
1215 2299 1247 2361 δ’
1265 2289 1432 2363 άνελοόνγο

274 2395 423 2481 Ἡρώδης
440 2395 496 2481 ἔζη
515 2402 743 2480 ταμιευόμενος
764 2400 809 2475 εἰς
829 2395 940 2483 καιρόν
962 2395 1164 2483 όκδικήσοως,
1186 2400 1240 2463 ἵνα
1256 2390 1380 2479 δηλαδὴ

280 2496 544 2584 σκωληκόβρωτος
565 2500 707 2565 ἐνταῦθα
718 2500 884 2583 γενόμενος
897 2502 952 2565 καί
973 2493 1141 2583 άποψόξας
1162 2501 1281 2583 πικροῖς
1303 2491 1383 2576 πρός

350 2649 376 2703 7.
399 2654 429 2707 ἐν
446 2657 495 2707 τοῦ
515 2646 587 2706 κατά
603 2654 749 2711 Ἰουδαίων
767 2652 793 2708 θ’
813 2653 907 2727 λόγου.
1000 2652 1041 2705 16.
1064 2655 1094 2709 ἐκ
1112 2651 1168 2710 τάν
1186 2644 1260 2722 πρός
1276 2646 1384 2722 Ὀλυμ-

352 2722 444 2777 πιάδοι
464 2728 629 2782 ἐπιστολῶν.

281 2868 446 2928 temnuntur,
467 2862 623 2929 produntur,
647 2864 800 2929 irridentur,
820 2862 881 2917 aliis
900 2863 991 2917 multis
1010 2862 1141 2915 molestiis
1160 2868 1298 2929 urgentur.
1319 2858 1385 2911 deus

284 2932 355 2983 enim
373 2947 428 2985 non
448 2933 557 2987 festinat
576 2936 712 3000 iudicium,
725 2936 772 2989 scd
781 2952 911 3004 quemque
926 2936 1039 2988 stadium
1057 2950 1131 2987 suum
1151 2932 1209 2985 vult
1230 2934 1385 2985 decurrere.

281 3011 311 3055 tu
336 3020 404 3057 vcro
424 3021 492 3073 quae
514 3022 529 3058 a
548 3007 693 3060 maioribus
724 3008 802 3060 nobis
821 3008 915 3059 tradita
937 3008 992 3059 sint
1009 3006 1091 3059 velim
1112 3005 1277 3057 consideres.
1315 3002 1386 3054 unde

280 3076 303 3128 si
328 3078 373 3143 pio
400 3079 488 3129 animo
514 3079 722 3145 investigaveris
746 3077 852 3146 singula
883 3094 1005 3146 quaeque
1037 3086 1063 3129 et
1087 3085 1174 3128 tecum
1207 3075 1387 3142 reputaveris,

281 3154 309 3197 et
335 3147 383 3198 ubi
409 3157 437 3199 et
464 3148 525 3199 aliis
549 3149 639 3202 multis
662 3151 762 3217 optimc
784 3151 886 3202 fructus
907 3149 1099 3201 redundabunt.
1147 3147 1222 3199 audis
1252 3146 1322 3197 enim
1354 3158 1388 3195 ex

280 3232 376 3285 magno
395 3218 444 3270 ilio
466 3218 674 3284 chrysostomo,
694 3220 726 3271 ab
747 3222 832 3272 initiis
852 3220 988 3288 evangelii
1008 3220 1189 3286 Stephanum,
1209 3218 1293 3269 amnis
1312 3230 1387 3267 more

281 3287 408 3339 fluentem
440 3297 467 3339 et
496 3304 589 3342 omnes
618 3291 700 3343 silere
730 3299 887 3360 cogentem,
920 3300 982 3358 post
1005 3292 1089 3342 breve
1119 3297 1224 3355 tempus
1249 3289 1276 3338 in
1304 3302 1387 3355 prae-

281 3358 393 3411 dicando
423 3361 566 3428 evangelio
595 3371 794 3431 consumptum,
828 3363 916 3415 subito
941 3377 1000 3414 esse
1028 3368 1180 3427 correptum
1208 3367 1235 3412 ct
1262 3366 1388 3426 tanquam

281 3428 464 3496 blasphemum
490 3434 694 3486 condemnatum
723 3443 750 3486 et
775 3434 942 3486 interiectum
968 3434 1081 3485 lacobus
1106 3433 1183 3483 initio
1218 3438 1245 3483 et
1268 3431 1326 3497 ipse
1354 3428 1387 3481 ab

277 3502 349 3572 ‘ipsis
368 3510 397 3553 ut
422 3504 459 3555 ita
481 3504 566 3556 dicam
587 3506 738 3558 carceribus
752 3513 900 3572 protractus
929 3512 955 3555 et
974 3504 1007 3555 ab
1022 3504 1127 3555 Herode
1141 3502 1247 3555 ludaeis
1272 3502 1388 3568 cupien-

284 3573 355 3625 tibus
375 3574 533 3627 interfectus
563 3585 613 3628 est.
650 3593 763 3644 quocum
782 3578 904 3628 veritatis
925 3576 1102 3627 firmissimum
1125 3569 1243 3628 concidit
1262 3572 1386 3624 columen

285 3653 312 3697 et
334 3646 503 3711 praesidium.
539 3647 598 3700 noli
620 3648 702 3716 igitur
730 3649 830 3710 mirari,
852 3648 922 3715 quod
940 3661 994 3698 non
1014 3647 1140 3698 contiuuo
1162 3644 1278 3697 iniuriae
1300 3659 1316 3694 a
1335 3643 1386 3693 deo

286 3716 463 3770 vindicantur.
509 3719 574 3769 deus
596 3710 873 3785 enimtimproborum
894 3719 979 3771 studia
998 3734 1052 3770 non
1074 3717 1145 3770 solet
1174 3717 1225 3767 iam
1253 3714 1386 3782 principio

285 3786 420 3845 retardare
439 3790 486 3840 sed
505 3797 559 3840 tum
580 3790 683 3841 demum
693 3804 773 3856 quum
792 3802 951 3858 progressus
973 3791 1095 3841 fecerunt
1115 3796 1164 3840 eta
1179 3786 1302 3854 plurimis
1321 3800 1387 3853 per-

285 3864 379 3923 specta
400 3866 470 3910 sunt.
508 3860 546 3909 uti
566 3862 629 3924 scis,
648 3859 717 3913 Abel
736 3860 781 3926 qui
801 3858 879 3911 homo
898 3862 982 3913 iustus
1004 3868 1061 3911 erat
1084 3868 1187 3911 mature
1204 3866 1316 3910 necatus
1336 3866 1386 3909 est.

288 3926 355 3981 Cain
372 3943 440 3979 vero
462 3938 591 3996 provecta
611 3931 714 3981 demum
736 3937 824 3982 aetate
843 3932 968 3984 decessit.
1014 3932 1085 3999 quod
1104 3932 1169 3983 deus
1192 3945 1225 3983 eo
1245 3929 1303 3981 fieri
1323 3943 1388 3996 pas.

286 4014 331 4054 sus
352 4006 403 4064 cst,
422 4006 453 4050 ut
473 4000 518 4051 hic
536 4000 633 4068 culpae
653 4016 717 4052 suae
736 4002 859 4054 conscius
878 4012 950 4054 esset
967 4019 1016 4070 per
1034 4002 1141 4071 longam
1162 4010 1284 4054 aetatem.
1308 4000 1389 4051 etiam

287 4085 448 4140 praecursor
468 4072 584 4124 loannes
609 4072 767 4125 interiectus
788 4081 836 4125 est.
875 4074 995 4127 Herodes
1015 4082 1102 4126 autem
1122 4076 1167 4142 quj
1187 4072 1325 4127 interfecit
1341 4072 1389 4125 diu

286 4144 431 4215 inpunitus
459 4143 527 4200 vixit
555 4160 640 4217 usque
659 4144 691 4198 ad
710 4145 778 4198 diem
797 4146 899 4214 iudicii,
920 4146 957 4199 ita
979 4146 1083 4216 quidem
1103 4154 1133 4198 ut
1154 4147 1199 4215 qui
1219 4146 1271 4197 iam
1290 4143 1340 4197 hac
1360 4144 1389 4200 iu
