3017 4759
250 270 473 347 nuvomln
491 274 750 349 nvmunmn
767 282 909 351 xvvvu.
931 262 1117 352 65-68.
1177 280 1252 353 set

150 437 258 517 κλόνος
280 444 432 529 ςξαίφνης
447 438 605 529 ιρςαγδαῖος
631 447 688 509 καί
708 446 773 509 τάν
796 438 894 509 πάλαι
924 446 1180 527 θαυμαζομένων
1198 444 1252 512 dat*

149 545 279 629 μεγέθει
300 545 467 625 ἐνάμιλλος
488 548 591 609 πᾶσαν
614 547 665 633 ἐφ’
688 537 726 629 ἧς
745 538 922 630 ἑστήκαμεν
944 542 1063 625 ἐτίναξε
1086 550 1154 629 γῆν.
1197 550 1252 613 καί

149 642 189 709 τά
211 648 270 725 μὲν
288 640 348 723 ἔξω
373 646 449 721 τέως
472 644 606 729 ἠγνόουν
626 647 726 731 πάθη,
747 648 961 728 κεκλεισμένας
984 640 1038 729 όόν,
1064 640 1123 711 όσσ
1135 671 1169 713 τε
1182 652 1253 713 Βυ-

154 745 280 821 ζάντιον
302 743 357 809 καί
378 737 438 809 όσα
457 744 513 821 τάς
536 736 635 822 ἄλλος
657 751 868 827 συμπέπτωκε
890 745 997 822 πόλεις
1017 752 1154 813 παθεῖν·
1178 742 1252 812 όλον

124 845 181 907 ὁδ’
205 836 262 908 οὖν
282 844 415 929 έδίνησε
436 843 492 911 καί
509 849 703 932 συνετάραξε
729 845 817 929 μάλα
845 849 995 933 σφοδροῖς
1023 847 1076 913 τόν
1095 846 1253 933 ήμέτερον

152 939 261 1029 οἷκον,
296 947 338 1023 ὥς
371 953 427 1014 καί
444 954 526 1034 μέρη
552 952 653 1014 πλείου
674 949 809 1035 ῥαγέντα
830 954 963 1032 χεῖσθαι
989 949 1070 1033 πρὸς
1091 942 1252 1035 τοῦδαφος

151 1044 244 1114 ἔνθεν
264 1051 420 1131 κάκεΐθεν,
443 1051 501 1114 καί
518 1048 576 1125 τάς
584 1052 642 1128 μὲν
663 1046 818 1133 ήμετίρας
829 1054 960 1133 βίβλους
981 1053 1014 1129 ἐξ
1036 1048 1132 1133 ἕδρας
1154 1045 1252 1135 άναρ.
1347 1068 1350 1075 ’
1376 1064 1382 1076 ’

61 1200 64 1207 .
150 1152 346 1243 ρήγνυμένας
368 1146 553 1236 ῥιπτεῖσθαι
575 1135 691 1234 χαμαί.
725 1146 762 1214 τό
776 1173 812 1235 γε
833 1150 898 1235 μήν
921 1152 1179 1235 παροτεταμένον
1198 1152 1253 1233 τῆς

151 1243 239 1332 ιόρας
261 1249 352 1333 καίή
372 1249 452 1315 κατά
468 1249 578 1336 βραχά
599 1252 677 1335 πρὸς
691 1248 727 1313 τό
750 1251 929 1335 βιαιότερον
945 1250 1086 1337 προκοπή
1106 1254 1163 1317 τοῦ
1184 1275 1253 1317 σει-

109 1352 310 1430 κοσμεῖται·
337 1350 549 1435 ἀπαγορεύειν
583 1342 646 1437 ήδη
667 1374 708 1432 με
729 1348 766 1415 τό
790 1353 845 1436 ζῆν
866 1347 1140 1437 προσηνάγκαζιν,
1164 1352 1252 1440 stirpi

150 1472 185 1516 τε
206 1449 319 1537 ε’δάφει
335 1455 391 1516 καί
412 1454 493 1540 αιίτῇ
515 1450 795 1535 συγκαταδάεσθαι
823 1451 1081 1537 προσδοκήσαντα
1102 1454 1140 1537 τῇ
1160 1454 1252 1541 οἰκίρ.

150 1549 211 1634 tyci
233 1556 293 1630 μὲν
324 1544 382 1617 οὖν
413 1556 491 1627 τέως
513 1552 572 1615 οδκ
591 1550 673 1634 ἔχων
695 1547 767 1617 όποι
790 1556 914 1635 βλέψας
945 1548 1005 1635 τήν
1023 1550 1116 1617 θείαν
1133 1550 1252 1637 ἐκείνην

150 1650 320 1735 διαφυγεῖν
343 1651 450 1739 ι’ργήν,
472 1645 490 1736 ή
513 1674 547 1715 τε
576 1654 633 1717 νόν
666 1650 720 1715 διά
743 1650 802 1728 τάς
831 1652 987 1736 ἡμετέρας
1020 1648 1109 1741 ἑσήει
1140 1656 1252 1727 κακίας

151 1750 206 1814 κατ’
224 1747 245 1835 ή
262 1754 424 1832 μέλλουσα
442 1760 511 1827 ταῖς
526 1754 735 1838 φαινομέναις
750 1747 886 1827 ταότοις
909 1753 1053 1826 άπειλαῖς
1075 1754 1253 1836 ἐνεζιογρα·

108 1858 264 1937 λόφεῖτο,
296 1854 329 1928 ε’ς
360 1850 396 1917 τό
419 1853 554 1938 πεπηγός
586 1858 642 1919 καί
660 1854 801 1936 βεβαίως
822 1850 989 1932 ἱστάμενον
1009 1854 1252 1938 ε’ρήρειάμίνους

151 1950 227 2027 τους
248 1952 349 2028 πόδας
368 1952 453 2040 ἔχειν
469 1956 764 2041 έφιλονεικουνμὲν,
785 1952 930 2036 άντέχειν
946 1955 973 2017 δ’
995 1954 1053 2017 ουίι
1075 1947 1160 2036 εἶχον
1174 1954 1254 2039 πρὸς

151 2048 235 2117 πάνυ
258 2055 459 2121 α’στατοόσαν
479 2058 546 2141 γῆν.
571 2055 626 2119 καί
644 2048 682 2139 ήν
704 2052 908 2137 πανταχόθεν
929 2056 1002 2135 έμοί
1022 2054 1116 2119 στενά
1137 2056 1253 2139 κομιδή
1262 2080 1317 2133 00

151 2154 190 2219 τά
212 2156 485 2241 τοῦπράγματος.
543 2151 626 2221 οὕτω
655 2154 716 2239 γάρ
750 2152 833 2239 ἔχων
859 2158 920 2219 τάν
940 2151 1028 2219 ἔνδον
1050 2156 1161 2239 κακῶς,
1185 2146 1255 2217 οὔδ’

151 2249 212 2333 ἔξω
235 2260 419 2340 προβαίνειν
439 2249 520 2332 ὅλως
541 2249 618 2342 ἦγον
636 2258 682 2331 εἰς
703 2252 844 2340 μνήμην,
866 2256 958 2320 τοῦτο
975 2256 1036 2336 μὲν
1057 2248 1104 2320 ότι
1126 2256 1255 2336 δέσμιος

107 2347 192 2441 λθήν
212 2361 267 2422 καί
286 2354 359 2435 τοός
380 2356 441 2443 πρό
463 2361 577 2441 θυρῶν
607 2358 742 2423 ἐδεδίειν
763 2354 944 2439 πανόπτας,
966 2357 1108 2423 τοῦτοτί
1131 2350 1177 2421 ότι
1201 2358 1256 2422 καί

153 2456 188 2521 τό
211 2462 265 2543 τῆς
287 2458 380 2539 θείας
409 2458 650 2547 α’νοπόδραστον
670 2457 785 2547 ψήφου
818 2458 918 2524 πάλαι
949 2454 1110 2543 γινιόσκιον
1139 2450 1179 2542 ἦν
1211 2456 1255 2535 οῖς

154 2562 261 2636 ου’δείς
281 2562 453 2650 α’ποδραίη,
475 2557 534 2629 κάν
554 2566 589 2629 έν
610 2562 786 2646 άπαίθροις
806 2561 950 2646 χορεύων
965 2559 1046 2649 τύχῃ
1066 2561 1124 2641 τίς,
1144 2554 1201 2624 κάν
1221 2560 1256 2625 έν

152 2661 259 2751 εἱρκτῇ
288 2668 500 2750 συγκλείηται.
552 2670 607 2751 τῆς
626 2662 687 2748 γάρ
714 2665 836 2731 ἐκείνου
863 2659 1047 2747 βουλήσεως
1067 2664 1197 2747 δξήπται
1214 2664 1254 2727 τά

151 2761 268 2848 πάντα,
288 2760 350 2833 όσα
364 2790 398 2832 τε
420 2771 565 2854 φαίνεται
585 2772 640 2834 καί
652 2763 713 2834 ὅσα
735 2770 768 2833 έν
780 2776 898 2851 μυχοῖς
909 2762 1131 2847 θαλαμεάεται
1153 2762 1256 2849 τίπορ-

154 3048 229 3119 poris
247 3047 421 3102 mirificorum
438 3049 622 3119 magnitudine
641 3049 747 3114 similis,
767 3061 872 3099 omnem
900 3044 946 3099 abi
968 3046 1139 3097 constiteram
1157 3052 1254 3099 terram

156 3121 300 3173 concussit.
347 3122 498 3174 nesciebam
531 3139 609 3192 qaum
636 3121 755 3173 inclusus
781 3134 876 3182 essem,
898 3134 966 3189 quae
993 3118 1058 3169 ioris
1077 3117 1182 3180 fierent,
1203 3132 1255 3170 nec

156 3193 219 3261 quid
236 3192 367 3258 Byzantio
386 3209 438 3245 nec
456 3195 519 3262 quid
536 3195 634 3246 ceteris
655 3191 765 3244 urbibus
783 3190 934 3243 accidisset.
980 3189 1154 3242 vehementer
1172 3190 1255 3257 igitur

155 3263 322 3331 perturbavit
335 3271 361 3315 et
373 3266 510 3318 concussit
524 3264 573 3316 ille
592 3263 724 3316 conclave
736 3278 823 3314 meum
839 3269 868 3313 ut
886 3260 1031 3331 pleraeque
1045 3268 1134 3328 partes
1154 3260 1254 3313 fructae

154 3338 182 3387 in
202 3343 298 3387 terram
317 3337 444 3389 caderent
462 3346 489 3388 et
506 3336 569 3387 libri
588 3336 673 3387 nostri
692 3351 707 3386 e
726 3336 790 3387 sede
811 3334 843 3386 ad
860 3330 965 3385 humum
982 3334 1172 3385 delinerentur.
1192 3348 1254 3385 sus.

154 3422 253 3474 pensus
272 3407 323 3459 bac
342 3407 407 3462 bora
426 3409 528 3461 animus
549 3414 577 3458 et
605 3414 691 3458 motus
710 3414 799 3458 terrae
828 3404 906 3457 brevi
932 3404 1108 3458 vehementer
1126 3405 1251 3458 adauctus

155 3493 229 3544 spem
248 3480 321 3531 vitae
340 3479 476 3549 deponere
495 3495 538 3531 me
558 3477 687 3546 cogebat,
713 3492 792 3546 quum
811 3485 958 3529 metuerem
975 3492 1012 3527 ne
1040 3484 1111 3528 term
1141 3484 1167 3528 ct
1192 3478 1251 3543 ipso

157 3548 281 3601 cubiculo
300 3554 476 3620 opprimerer.
527 3551 649 3620 equidem
679 3564 759 3618 quum
778 3563 832 3600 non
862 3548 987 3599 haberem
1023 3561 1075 3615 quo
1105 3560 1146 3597 me
1168 3545 1254 3597 oculis

156 3626 289 3672 verterem
315 3626 462 3677 evitaturus
482 3623 599 3675 divinam
626 3622 701 3674 illam
720 3622 795 3685 iram,
815 3635 884 3689 quae
908 3619 942 3670 cb
961 3619 1119 3686 pravitatem
1136 3624 1254 3669 nostram

155 3703 206 3741 nos
223 3691 311 3745 adibat
328 3696 427 3749 vividis
451 3694 582 3747 minarum
607 3693 744 3746 coloribus
771 3707 916 3761 expressa,
934 3690 1044 3741 iirmiter
1063 3688 1154 3755 pedes
1174 3686 1253 3739 bumu

157 3760 309 3828 infigebam
328 3766 471 3832 trepidanti
491 3780 557 3818 vero
576 3773 664 3818 terrae
683 3763 815 3817 absistere
834 3778 888 3815 non
903 3768 1031 3830 poteram.
1069 3759 1168 3827 ubique
1189 3758 1254 3811 mibi

155 3846 200 3883 res
226 3831 306 3899 plena
332 3835 521 3889 sollicitudinis
550 3846 620 3902 στοις
645 3839 716 3889 intra
741 3837 810 3887 enim
840 3832 911 3885 male
942 3848 985 3883 me
1011 3830 1139 3883 habebam
1163 3846 1253 3898 neque

157 3904 232 3955 exire
253 3906 360 3957 omniuo
380 3910 407 3957 in
424 3914 539 3959 mentem
558 3910 651 3972 venit;
675 3908 742 3959 illud
763 3907 869 3975 quidem
888 3911 1031 3972 propterea
1051 3904 1121 3972 qucd
1140 3904 1168 3954 in
1190 3904 1254 3954 vin-

157 3974 228 4027 culis
248 3990 319 4027 eram
339 3986 366 4029 et
384 3984 446 4028 ante
465 3988 555 4045 portas
575 3980 690 4032 arbitres
709 3976 868 4041 metuebam,
889 3976 940 4028 boe
958 3990 1025 4029 vero
1046 3976 1116 4044 quod
1135 3974 1254 4026 divinum

156 4048 324 4114 propositum
348 4047 532 4116 intelligebam
558 4053 689 4103 neminem
716 4052 820 4104 evitare
846 4063 926 4117 posse
958 4064 1010 4101 nec
1030 4048 1075 4115 qui
1100 4045 1149 4099 sub
1174 4043 1253 4095 coelo

156 4118 275 4171 ambulet
291 4135 342 4171 nec
368 4120 414 4190 qui
438 4122 467 4172 in
493 4136 627 4175 carcerem
650 4124 766 4175 iniectus
795 4122 840 4175 sit.
863 4120 916 4189 'ab
936 4122 993 4173 eius
1025 4120 1095 4169 enim
1115 4114 1254 4169 voluntate
1322 4142 1327 4155 ι

157 4191 245 4247 amnia
268 4192 401 4264 pendent,
420 4208 597 4267 quaecunque
627 4203 720 4265 aperte
745 4197 812 4249 liunt
837 4200 864 4247 et
890 4205 1066 4263 quaecunque
1090 4188 1118 4244 iu
1143 4200 1253 4243 recessu
