3017 4759
266 186 271 193 ’
305 212 354 295 st
601 223 828 294 urcmnom
858 222 1089 295 euroeam

305 392 383 457 λιιόν
405 388 542 470 ἐκείνων,
566 387 678 465 όποίας
696 393 731 454 ἐκ
744 380 846 454 πόθου
864 394 918 456 καί
933 392 1124 476 φλεγομένης
1136 391 1247 473 ψυχῆς
1269 390 1413 455 ἐποιεῖτο

304 489 386 577 πρός
406 494 453 571 σέ,
474 490 529 555 καί
549 493 624 576 πρίν
645 493 676 565 ἐς
696 489 749 555 τὸν
774 496 936 573 βασίλειον
958 491 1059 557 ου’τόν
1081 493 1264 577 ἀναχθῆναι
1279 493 1412 575 θρόνον,

304 590 360 656 καί
376 583 461 665 όπως
473 594 529 673 τῆς
545 594 602 672 σῆς
619 593 768 675 ἐξῆρτηιο
783 595 843 672 μὲν
859 597 915 655 καί
927 590 1063 676 γλώττης
1077 591 1133 655 καί
1146 595 1284 677 γραφῆς,
1298 592 1413 677 ἄφθο-

304 694 463 776 νωτόρους
486 694 515 756 δ’
538 685 634 767 οὗτός
667 689 744 767 τοός
766 696 915 757 ἐντεῦθεν
938 692 1057 777 ότρόμα
1078 692 1237 775 καρπούς,
1258 692 1302 767 (ός
1327 685 1413 755 εἶναι

303 792 427 876 μηδένα
451 794 514 857 ταῖν
543 792 668 857 πόντων
698 785 765 881 ’ότῳ
788 800 856 857 ποτ’
887 785 926 858 όν
955 794 1104 878 οἰηθῆναι
1129 796 1201 876 ε’νῆν
1222 788 1438 874 όγμενόσθοιῡ

307 895 351 981 τῷ
372 885 446 975 ῆθει
465 892 585 977 τροπῆν
607 896 726 959 ἐκείνου
748 891 842 976 ιινό,
864 898 986 977 μᾶλλον
1007 898 1066 976 μὲν
1087 888 1144 956 σόν
1165 890 1221 956 καί
1241 889 1413 956 συνεπεδε-

307 986 400 1056 όόναι
420 986 568 1067 ταῖς-νοῦ
589 992 707 1076 χρόνου
729 994 858 1077 τόχαις.
902 998 960 1059 νόν
982 997 1009 1058 δ’
1030 991 1193 1079 ἐληλυθώς
1215 994 1271 1056 καί
1290 990 1411 1073 μαθων

306 1090 352 1166 uic
373 1093 407 1157 ἐκ
429 1094 603 1177 διαμέτρου
624 1092 664 1157 τό
687 1091 861 1179 πράγματα
878 1096 1060 1179 σταίη,καί
1083 1090 1221 1174 όμοιβός
1234 1116 1284 1157 σοι
1306 1092 1412 1176 διδοιή

306 1198 369 1261 τοῖν
404 1193 508 1258 πόνων
536 1196 592 1259 καί
621 1197 762 1281 φιλιρων
793 1194 861 1272 οἵας
890 1196 947 1264 σοί
972 1199 1032 1278 μὲν
1054 1195 1136 1278 όπόρ
1158 1195 1324 1274 εὐσεβείας
1346 1193 1414 1257 όθ-

307 1297 415 1359 λοόντι
437 1296 548 1380 φέρειν
570 1296 686 1380 ἐχρῆν,
722 1298 829 1385 ἐκείνῳ
860 1300 891 1361 δ’
925 1295 1090 1383 ἐπιφέρειν
1123 1296 1164 1358 ου’
1190 1292 1279 1376 μόλα
1311 1298 1456 1378 ε’χρῆνιθ

309 1390 399 1482 (οὔτε
431 1392 491 1480 μόρ
528 1394 557 1460 οἱ
589 1394 706 1487 διιόκεη
735 1403 883 1480 γενέσθαι
918 1401 975 1483 τῆς
1009 1399 1171 1479 εὐσεβείας
1193 1392 1313 1480 ἐχρῆν,
1339 1389 1413 1458 αὕθ’

308 1490 394 1572 όπως
423 1499 502 1561 ποτὲ
534 1501 691 1587 γενομένῳ
723 1496 809 1563 καιό
835 1502 893 1564 σοῦ
921 1503 1048 1584 κινῆσαι
1077 1496 1136 1583 τῆν
1171 1496 1298 1580 γνώμην
1330 1490 1414 1570 ὅλως

307 1598 437 1683 όχρῆν),
462 1599 499 1663 σὲ
523 1601 583 1680 μὲν
605 1598 785 1683 ε’μακόρισα
806 1603 862 1684 τῆς
876 1605 1062 1686 καρτερίας,
1085 1599 1173 1687 αόιιῆ
1197 1599 1223 1660 δ’
1243 1597 1415 1681 ἠχθέσθην

282 1762 284 1769 ,
307 1699 437 1783 σφόδρα
458 1721 494 1781 με
523 1699 579 1783 τῆς
601 1699 763 1774 α’πονοίας.
806 1704 927 1781 μᾶλλον
942 1703 969 1764 δ’
995 1696 1156 1783 ε’δόκρυσο
1178 1699 1232 1782 τῆς
1252 1697 1414 1769 α’πωλείας

307 1795 363 1862 τόν
393 1791 572 1882 ἄνθρωπον.
626 1804 680 1863 καί
708 1804 815 1879 μέντοι
846 1799 901 1865 καί
928 1797 1121 1882 ἐθαύμασα,
1151 1801 1207 1863 καί
1232 1793 1415 1879 θαυμάζων
1425 1813 1457 1865 15

307 1900 350 1961 ου’
372 1898 549 1985 παόσομαι,
570 1903 637 1976 πῶς
665 1901 813 1965 τοσοῦτον
845 1900 1084 1983 όιαλαίπωρος
1116 1896 1273 1965 ε’λόνθανε
1296 1896 1415 1980 χρόνον
1496 1981 1498 1988 ⁴

308 1998 439 2083 όμρίους
462 1995 543 2065 otro
559 2004 670 2086 θῆρας
691 2006 802 2077 κακίας
823 2004 857 2079 ἐν
877 2005 915 2090 τῆ
936 1998 1041 2088 λόχμη
1071 1998 1196 2081 βόσκων
1217 2000 1272 2083 τῆς
1292 2000 1413 2081 ψυχῆς.

306 2101 338 2163 εἰ
358 2103 417 2183 μὲν
440 2094 497 2164 οὖν
513 2100 611 2186 ἱεροῖς
628 2102 695 2166 τισί
714 2102 773 2166 καί
792 2098 982 2188 π’πόρρῆεοις
1006 2100 1054 2186 εἴη
1074 2102 1178 2184 λόγοις
1202 2095 1415 2179 ἐνδιαιτώμε-

308 2224 362 2267 νον
381 2198 416 2267 τό
438 2206 583 2286 πρᾶγμα,
605 2203 808 2286 θαυμάζοιμι
828 2206 915 2285 μέντ’
935 2198 974 2268 όν
995 2205 1047 2267 αἐί
1067 2203 1208 2278 σιωπῶν,
1231 2200 1364 2284 ζῆτησιν
1386 2201 1414 2261 δ’

310 2302 463 2382 ου’δεμίαν
487 2294 615 2391 οόδαμῆ
638 2308 714 2370 ποτὲ
736 2302 859 2381 λόσεως
879 2307 1095 2391 προενέγκοιμ’
1115 2298 1156 2368 όν
1178 2298 1297 2366 οόδενί.
1343 2299 1415 2363 ἀλλ’
1425 2322 1457 2376 20

310 2400 384 2467 eiust*
404 2401 529 2468 πόντων
550 2402 588 2469 τό
608 2407 663 2491 τῆς
682 2408 739 2490 σῆς
753 2406 880 2499 όρκρσει
893 2430 949 2488 μοι
970 2411 1110 2490 θεωρίας
1134 2400 1214 2488 πρός
1234 2403 1414 2487 θεραπείαν

309 2500 484 2603 φόρμακα,
515 2504 571 2570 καί
590 2503 624 2571 εί
648 2510 707 2572 τιν’
730 2500 843 2573 όλλοσε
868 2513 1031 2595 φέρουσαν
1052 2504 1180 2591 βοόλοιο
1209 2499 1317 2588 κοινῆν
1339 2501 1414 2583 όμι·

310 2844 364 2900 tuis
381 2844 548 2899 sermonibus
566 2845 728 2914 scriptisque
749 2846 891 2898 devinctus
910 2845 1058 2898 uberrimos
1081 2843 1183 2896 fructus
1201 2841 1264 2894 iude
1276 2841 1413 2912 collegis.

309 2926 360 2973 set.
398 2914 481 2987 quare
499 2925 600 2969 tantum
619 2918 721 2981 aberat,
742 2926 771 2969 ut
791 2918 849 2968 eius
867 2932 956 2968 mores
976 2918 1149 2968 mutationem
1169 2914 1299 2984 quandam
1319 2915 1411 2967 subire

308 3005 389 3059 posse
408 2991 467 3059 quis
486 2996 601 3058 putaret,
619 2998 649 3041 ut
669 3004 715 3041 eos
735 2990 813 3040 etiam
832 2990 960 3056 temporis
981 2997 1059 3056 atque
1070 2987 1193 3039 fortunae
1211 2986 1412 3038 conditionibus

308 3064 502 3115 incrementum
525 3070 648 3128 capturos
668 3076 729 3113 esse
749 3061 933 3113 arbitraretur.
978 3075 1058 3128 quum
1078 3068 1167 3133 autem
1185 3065 1246 3124 post
1267 3058 1412 3110 adveutum

308 3148 396 3186 meum
418 3147 620 3201 cognoscerem,
639 3148 727 3184 rerum
749 3140 844 3184 statum
865 3131 945 3199 plane
972 3133 1133 3183 contrarium
1154 3145 1214 3181 esse
1234 3136 1261 3179 et
1283 3144 1343 3179 euru
1363 3129 1411 3181 tibi

308 3218 358 3272 pro
378 3203 514 3254 laboribus
534 3210 614 3270 atque
632 3203 766 3253 amoribus
791 3205 903 3271 gratiam
922 3203 1002 3254 talem
1020 3203 1139 3266 referre,
1167 3199 1273 3269 qualem
1297 3201 1408 3268 tuqui.

309 3276 369 3328 dem
387 3282 417 3325 ut
434 3273 576 3341 religionis
604 3273 704 3325 athleta
726 3277 851 3341 accipere
877 3275 1012 3339 debebas,
1041 3273 1089 3323 ille
1114 3287 1180 3325 uero
1207 3271 1411 3339 haudquaquam

225 3377 237 3394 .
309 3337 415 3399 referre
435 3343 550 3396 debebat
569 3347 673 3412 (neque
693 3344 762 3395 enim
781 3346 943 3412 religionem
962 3361 1078 3414 uuquam
1101 3344 1230 3411 persequi
1251 3357 1362 3410 neque,
1387 3345 1411 3393 si

309 3416 413 3487 quaudo
437 3415 488 3467 boe
511 3416 633 3479 faceret,
662 3431 769 3467 sensum
788 3433 863 3468 suum
891 3419 919 3469 iu
946 3425 973 3468 te
997 3416 1053 3468 ulla
1079 3432 1113 3466 ex
1133 3422 1209 3482 parte
1227 3422 1332 3465 mutare
1353 3430 1411 3464 cum

308 3488 446 3557 decebat),
466 3496 493 3539 te
515 3486 621 3555 quidem
643 3487 676 3537 ob
696 3488 878 3541 fortitudinem
901 3489 1008 3540 felicem
1027 3487 1231 3555 praedicabam,
1261 3484 1303 3537 illi
1324 3494 1411 3546 autem

309 3560 343 3613 ob
364 3560 523 3611 dementiam
550 3572 623 3609 suam
645 3572 773 3628 perquam
798 3561 1004 3623 succensebam;
1024 3559 1210 3611 vehementius
1235 3564 1325 3608 tamen
1353 3559 1410 3608 eius

308 3631 445 3683 interitum
464 3628 652 3681 illacrimabar.
696 3632 811 3684 mirabar
835 3648 900 3685 saue
920 3648 1009 3700 noque
1028 3646 1142 3698 uuquam
1161 3629 1251 3680 mirari
1271 3629 1410 3691 desinam,

308 3700 441 3771 quemodo
463 3702 544 3751 miser
563 3700 614 3751 iste
626 3709 735 3754 tautum
751 3706 880 3771 temporis
901 3712 953 3755 tam
973 3703 1043 3754 ieras
1061 3711 1141 3769 atque
1152 3698 1286 3766 improbas
1306 3698 1411 3750 belluas

306 3775 335 3824 in
354 3772 434 3823 animi
452 3770 563 3823 latebris
584 3771 652 3822 elam
666 3773 740 3825 alere
759 3777 885 3842 potuerit.
909 3775 931 3826 si
949 3789 992 3826 res
1010 3775 1095 3825 sacris
1113 3772 1268 3841 quibusdam
1288 3779 1315 3836 et
1334 3787 1411 3821 arcu·
1460 3829 1462 3835 Ι

307 3844 350 3897 nis
368 3842 517 3895 rationibus
535 3843 658 3895 involuta
678 3854 726 3910 est,
747 3849 829 3897 tacite
849 3862 907 3901 eam
926 3861 1032 3911 semper
1051 3845 1166 3897 mirabor
1186 3858 1276 3910 neque
1295 3858 1412 3909 unquam

275 3919 285 3941 ·
309 3930 344 3967 ex
361 3912 418 3965 ullo
442 3915 638 3983 quaesiverim,
661 3918 792 3985 quomodo
816 3917 936 3984 expediri
955 3917 1048 3983 possit.
1082 3917 1130 3969 scd
1148 3929 1213 3982 prae
1233 3916 1333 3966 ceteris
1353 3928 1412 3964 om.
1443 3924 1447 3935 ·

310 3986 389 4040 nibus
412 3986 443 4036 ad
461 4000 547 4037 meam
569 3988 732 4038 curationem
751 3989 888 4040 sufficient
906 3989 1107 4052 medicamenta3
1118 3996 1196 4056 'quae
1215 3994 1277 4037 tuae
1288 3992 1412 4036 contem.

312 4058 448 4129 plutiones
469 4056 607 4125 praebent,
620 4059 698 4109 etiam
716 4059 739 4111 si
759 4060 923 4128 colloquium
943 4061 975 4111 de
986 4059 1250 4121 aliisrebusmeeum
1269 4057 1411 4108 instituere

313 4128 394 4185 velis·
426 4128 469 4207 siu
490 4136 577 4182 autem
597 4138 684 4183 mente
706 4130 809 4184 doctam
831 4132 959 4202 quandam
978 4133 1168 4201 cogitationem
1180 4130 1358 4198 conceperis,
1376 4144 1412 4179 ne

478 4220 492 4241 ἱ
1146 4216 1156 4237 Ι
