3017 4759
267 223 342 307 224
601 238 826 310 mesanam
857 238 1087 309 basconia

264 408 428 481 πλεισταις
455 404 732 486 συμπεπτωκότων
763 402 838 479 τοός
866 406 924 484 μὲν
955 407 1016 469 τόν
1038 399 1210 487 οἰκητόρων
1233 398 1366 490 θανάτῳ

263 507 361 593 βιαίῳ
383 506 660 592 παραπεμφθήναι
681 510 910 587 συμπέπτωκε,
941 502 1015 580 τοός
1037 507 1073 570 δὲ
1092 512 1156 579 τοῖς
1180 504 1367 587 οἶστυχείτο-

229 620 316 674 aoso
339 608 372 682 ἐξ
393 602 576 687 αὐτομάτου
610 610 810 691 προδοθῆναι
842 602 1020 691 βαρβάροις
1056 602 1255 688 ου’δημερόν.
1305 606 1366 669 τοῦ

264 706 325 792 γάρ
348 709 508 789 βασιλέως
524 710 794 794 Κανταιιουζηνοό
812 704 874 791 πρό
899 708 981 773 ἐτεόν
1002 728 1065 771 που
1086 708 1188 786 δυοῖν,
1210 698 1252 779 uic
1275 700 1365 789 εἴρή-

269 834 331 893 ται,
352 813 430 889 μίαν
454 813 519 873 τάν
539 807 750 894 όχυρωτόρων
773 807 842 873 ἒιιεῖ
859 808 980 874 πόλεων
1003 803 1225 892 παρασχόντος
1256 806 1392 879 adsolet,

267 909 467 994 οἰκητήριον,
503 904 584 973 cioca
613 907 699 992 ἔχειν
726 908 845 985 αότοός
866 911 1067 993 ἐπιτείχισμα
1102 905 1157 973 καί
1176 909 1368 989 συμμαχίαν

268 1010 439 1094 πρόχειρον
461 1008 541 1074 κατά
562 1010 791 1096 Παλαιολόχου
811 1012 868 1076 τοῦ
892 1014 1050 1095 γαμβροῦ,
1072 1008 1151 1077 κατά
1175 1009 1286 1093 χώραν
1306 1010 1369 1089 μὲ-

259 1133 332 1174 υειν
357 1111 455 1175 αότοί
482 1134 517 1194 γε
538 1110 596 1174 ου’τι
626 1103 761 1196 ήνεχιιαν
788 1114 847 1176 τοό
880 1114 1012 1192 λοιποῦ,
1042 1109 1123 1175 diti
1150 1106 1229 1175 κατά
1254 1103 1365 1191 βραχό

268 1208 469 1294 παρεξιόντες
499 1212 567 1296 αἐί,
601 1214 655 1276 καί
681 1210 861 1294 ληϊζόμενοι
893 1208 967 1286 τοός
993 1215 1056 1276 τεόν
1087 1214 1212 1294 ε’χχιστα
1246 1209 1367 1273 πόλεων

270 1307 389 1394 όχροός
412 1312 526 1397 ἐφεξῆς
547 1312 653 1387 αότοῖς
676 1311 813 1395 α’νόράσι
838 1313 948 1378 τεκαὶ
970 1309 1171 1397 όχθοφόροις
1201 1308 1293 1391 ζοόοις
1314 1305 1370 1372 καί
1381 1311 1434 1373 10ΙΙ

272 1414 430 1492 ποιμνίοις
451 1407 562 1495 ἅπασι,
585 1415 691 1477 πάσαν
713 1418 748 1478 όν
770 1418 890 1497 βραχεῖ
912 1413 970 1497 τήν
999 1416 1054 1497 τής
1075 1410 1282 1497 Χερρονήσου
1309 1432 1371 1490 με·

270 1512 394 1598 σόχειον
417 1510 592 1599 ἱππήλατον
602 1517 716 1600 σφίσιν
727 1513 836 1591 αὐτοῖς
859 1516 938 1579 άδεά
952 1513 1185 1599 κατεστήσαντο
1201 1515 1255 1577 καί
1268 1536 1372 1596 στρα-

268 1614 398 1678 τόπεδον
421 1609 594 1708 ὕπαιθρον,
616 1617 710 1679 ου’δὲν
730 1618 786 1698 τής
805 1614 983 1691 Ἀσιήτιδος
1001 1618 1058 1699 χής
1077 1613 1131 1679 καί
1151 1609 1250 1678 πόλοι
1270 1606 1373 1695 συνή-

270 1716 351 1790 θους
375 1709 485 1792 υότοῖς
509 1715 688 1781 όπεοιιιίναι
712 1718 836 1781 δοιοόν.
883 1713 931 1781 διό
954 1720 1008 1783 sas*
1030 1716 1087 1801 τήν
1111 1712 1172 1780 aiud
1198 1718 1254 1779 τοῦ
1278 1737 1371 1779 σεισ-

138 1818 226 1877 t118
235 1836 262 1874 s.
271 1818 336 1896 μοῦ
361 1816 533 1903 συμφοράν
557 1820 591 1881 εἰι
606 1821 664 1882 τοό
684 1814 836 1901 σόνεχχυς
860 1818 1066 1901 θεασάμενοι,
1085 1816 1222 1900 τάχιστα
1244 1811 1419 1896 siccari-15

277 1920 378 2000 δήσατ
397 1918 452 1981 καὶ
471 1917 560 1999 μάλα
583 1917 719 2003 α’πονήτό
737 1916 819 1998 μετά
841 1922 902 1983 τιόν
925 1922 1032 1986 οἰκιῶν
1061 1917 1292 2005 κατειλήφασιν
1312 1906 1375 1980 ὅσα

237 2029 263 2081 ⁸
273 2015 317 2100 μή
340 2017 593 2102 κατεχάσθήσαν
617 2017 799 2109 χιράχματα.
851 2020 907 2084 καί
932 2026 988 2085 τοῦ
1006 2023 1119 2085 λοιποῦ
1143 2018 1223 2085 κατά
1253 2022 1375 2101 πλῆθος

275 2118 327 2180 αέί
345 2117 548 2202 παρεξιόντες
569 2121 692 2183 εἰιεΐθεν
705 2118 762 2183 κατ’
786 2106 893 2186 πόσον
916 2116 976 2207 ήδη
996 2121 1054 2205 τήν
1068 2124 1168 2204 μέχρι
1183 2122 1291 2183 πολιόν
1303 2120 1376 2181 Βυ-

277 2220 407 2302 ζαντίων
428 2214 593 2303 dipidano
623 2225 731 2286 τόλεον
759 2223 818 2307 χήν
850 2224 905 2286 καί
926 2222 1096 2303 Ῥωμαίοις
1118 2216 1236 2305 άβατον
1251 2219 1286 2285 τό
1310 2244 1377 2284 πα-

277 2317 384 2405 ράπαν
414 2318 614 2405 εἰργάσαντο.
674 2323 794 2408 φόρους
815 2316 849 2387 τε
879 2327 1034 2389 ἐπέθεσαν
1065 2318 1204 2399 άπάσαις
1225 2332 1294 2399 ταῖς
1315 2331 1421 2404 psa-20

280 2419 358 2498 τοξό
382 2420 502 2503 πόλεσι,
525 2423 756 2506 δεκαδάρχους*
771 2420 956 2511 βαρβάρους
978 2424 1033 2489 καί
1053 2421 1241 2510 ἐπιτρόπους
1264 2423 1378 2499 αόταϊς

277 2516 492 2599 όνοικίσαντες.
537 2522 607 2587 ἄλλ’
628 2523 699 2588 οὐδ’
719 2520 802 2591 οότω
825 2523 883 2610 τήν
898 2528 1029 2612 κομιδήν
1050 2522 1080 2591 οἱ
1100 2523 1233 2603 τάλανες
1256 2526 1379 2614 Θρᾷκες

279 2848 392 2918 bantur3
411 2852 443 2906 ad
464 2853 530 2909 alias
550 2856 620 2925 quod
636 2858 733 2911 attinet
758 2861 841 2915 muris
868 2862 895 2913 in
915 2861 1006 2915 orbem
1031 2862 1172 2916 destructis
1191 2869 1219 2914 et
1235 2857 1380 2914 domiciliis

280 2925 420 2977 maximam
437 2935 540 2995 partem
553 2928 681 2998 collapsis
702 2931 850 2984 incolarum
868 2948 929 3001 pars
945 2935 1024 2987 morti
1037 2934 1174 2988 violentas
1193 2931 1379 2999 committeba-

281 3004 340 3061 tur,
358 3012 420 3065 pars
438 2998 510 3051 ultro
535 3002 633 3054 vicinis
660 3001 781 3057 barbaris
810 3005 903 3056 eodem
928 3007 972 3058 dia
995 3022 1025 3058 se
1048 3005 1177 3060 tradebat.
1219 3004 1381 3073 praebuerat

282 3070 353 3121 euim
369 3069 571 3124 Cantaeuseuus
593 3089 642 3126 rex
655 3083 718 3126 ante
737 3076 803 3128 duos
823 3076 880 3128 iere
899 3086 1047 3142 annos,·ut
1061 3080 1158 3130 dictum
1178 3085 1227 3142 est,
1246 3090 1327 3127 unum
1346 3088 1381 3125 ex

283 3140 388 3222 oppidis
407 3144 465 3194 eius
483 3144 604 3209 regionis
623 3144 702 3197 valde
718 3149 890 3213 munitorum,
911 3150 982 3218 quod
999 3150 1033 3201 iis
1044 3159 1116 3203 esset
1134 3148 1305 3202 domicilium.
1328 3147 1380 3197 boc

282 3212 366 3279 igitur
387 3213 466 3264 modo
485 3223 594 3280 paratae
611 3216 645 3269 iis
665 3227 740 3270 erant
757 3222 919 3273 munitiones
940 3229 968 3272 et
984 3223 1112 3273 auxilium
1132 3218 1381 3273 contral'alaeolo.

284 3297 355 3350 gum,
375 3283 498 3348 affinem
517 3286 545 3337 in
564 3289 677 3353 regione
695 3290 794 3343 diutius
813 3308 921 3344 manere
940 3293 991 3359 ipsi
1010 3294 1165 3346 noluerunt.
1187 3294 1234 3346 sed
1252 3291 1382 3359 paulatim

285 3362 431 3437 evagantes
450 3371 556 3425 semper
574 3366 601 3409 et
621 3360 777 3426 diripientes
798 3379 831 3415 ex
849 3364 1017 3416 finitimorum
1038 3368 1194 3434 oppidorum
1215 3366 1288 3433 agris
1307 3362 1381 3428 ipsos

284 3439 358 3477 vuros
379 3426 506 3494 deinceps
524 3436 551 3479 et
568 3430 693 3483 animalia
712 3435 857 3486 sarcinaria
873 3444 900 3487 et
920 3450 1012 3489 omnes
1034 3440 1123 3490 ovium
1142 3452 1250 3507 greges,
1277 3448 1382 3485 omnem

283 3496 361 3550 brevi
374 3497 569 3552 Chersonesum
588 3503 807 3557 mediterraneam
829 3508 904 3575 equis
921 3516 1007 3574 aptam
1026 3509 1132 3562 sibimet
1150 3512 1216 3577 ipsis
1237 3505 1384 3560 reddebant

283 3577 365 3621 tutam
393 3578 431 3621 et.
447 3580 535 3624 castra
553 3572 602 3625 sub
622 3575 684 3627 diuo
704 3584 786 3629 strata
809 3578 879 3631 nibil
904 3580 938 3631 iis
956 3580 1114 3635 videbantur
1132 3579 1273 3634 dissimilia
1295 3587 1384 3630 terrae

284 3640 420 3694 Asiaticae
439 3645 567 3712 priusque
587 3645 734 3711 consultae.
761 3650 852 3718 itaque
871 3650 1047 3705 calamitatem
1065 3670 1100 3705 en
1119 3659 1299 3708 terraemotu
1317 3662 1385 3718 pra-
1459 3686 1465 3693 -

286 3712 382 3764 lectam
403 3716 522 3768 cominus
542 3719 699 3784 conspicati,
720 3720 862 3772 celerrime
880 3722 1013 3777 intrabant
1042 3734 1069 3777 et
1086 3728 1145 3779 sine
1163 3724 1219 3778 ulla
1239 3737 1321 3790 opera
1339 3722 1385 3771 in-

286 3791 329 3835 ter
347 3784 483 3837 domicilia
506 3788 686 3855 compilabaut
705 3808 738 3842 ea
758 3792 844 3843 omnia
861 3809 929 3860 quae
940 3809 995 3847 non
1015 3806 1090 3849 erant
1108 3797 1211 3849 obruta.
1251 3803 1278 3846 et
1296 3794 1384 3846 futuro

286 3862 408 3938 tempore
428 3861 584 3911 catervatim
606 3875 711 3928 semper
731 3864 900 3930 egredientes
932 3867 1028 3919 exinde
1054 3870 1134 3921 etiam
1153 3883 1258 3919 omnem
1277 3864 1384 3917 omnino

287 3939 339 3977 ram
358 3941 443 3994 usque
462 3930 495 3979 ad
514 3939 604 3996 portas
624 3932 785 3998 Byzantinas
813 3942 910 3986 terram
938 3940 1117 4005 compilabant
1140 3940 1327 4006 Romanosque
1352 3932 1386 3985 ab

289 4012 322 4049 ea
340 4012 449 4066 prorsus
468 4000 646 4055 deterrebant.
684 4005 830 4073 vectigalia
858 4015 945 4059 autem
964 4011 1095 4065 soluenda
1112 4011 1279 4078 imperabant
1297 4008 1387 4060 omni-

286 4066 347 4135 bus,
368 4086 437 4141 quae
454 4071 543 4125 media
561 4081 636 4126 crant
655 4078 770 4145 oppidis.
808 4078 966 4131 decadarcbi
985 4082 1091 4137 barbari
1112 4092 1138 4135 et
1155 4081 1286 4151 praelecti
1304 4083 1333 4133 in
1352 4079 1387 4130 iis

291 4140 502 4199 collocabantur.
551 4146 600 4201 sed
627 4161 663 4199 ne
683 4149 721 4201 ita
749 4149 856 4219 quidem
884 4151 1025 4223 diligentia
1052 4157 1109 4211 eius
1135 4157 1245 4211 aestatis
1271 4152 1389 4211 traces
