3017 4759
225 264 447 334 nrsnonmn
469 264 730 332 nmtmrutu
748 252 857 333 xxix.
881 247 1068 334 51-54.
1144 262 1217 335 εει

121 421 220 515 νόμην
251 434 362 514 καίπερ
395 428 498 505 εέδσλς·
518 429 670 511 ἀκριβῶς.
716 421 808 514 όρκσν
822 450 853 491 τε
876 429 1016 513 ἐπέθηκα
1037 431 1073 516 τῇ
1095 428 1220 512 α’παγο·

120 527 247 613 ρεόσει,
281 530 337 594 καί
370 530 594 614 ἀφωρισμένος
628 526 782 614 ἐδεξάμην
801 521 882 592 εἶναι
910 527 972 593 όπό
995 532 1143 613 Χριστοῦ
1165 526 1219 593 διόι

121 630 179 714 τήν
197 632 319 695 ἐκείνου
350 632 461 715 φιλίαν
482 629 503 714 26
541 627 743 712 τρισάθλιος,
772 627 852 713 μήτε
878 626 1079 715 ὶκολαστήρια
1115 630 1223 703 δείσας

122 733 202 795 θεοῦ
212 779 223 809 ,
266 733 336 815 μηέ’
376 729 502 813 οἷνδραῖν
536 731 758 813 πρευματικῶν
795 734 998 813 παραινέσεις
1031 722 1222 805 αἰδεσθει’ς.”

98 830 300 913 5όρξόμενος
325 823 382 895 σόν
403 834 549 915 διεξῆλθε
571 832 629 906 τός
653 831 737 911 όμοό
766 834 809 922 τῷ
831 830 936 923 θιόσρι
957 837 1020 897 τῶν
1043 838 1288 906 Manciae-n

122 934 184 994 νοῖν
205 937 428 1015 πεπραγμένος
443 931 599 1015 βεβήλους
630 937 737 1022 ἐκείνῳ
758 934 813 996 καί
831 930 982 1015 μυσαροῖς
1004 935 1163 1017 ἐργασίας,
1185 932 1225 1010 δς

124 1026 213 1113 οόραν
235 1030 323 1116 ἔχειν
342 1029 452 1117 ἥκιστά
474 1058 527 1113 μοι
546 1037 638 1099 δοκεῖ
654 1039 728 1099 καθ’
751 1032 869 1099 ἕκαστα
892 1038 993 1116 λέγειν
1015 1035 1133 1117 α’ρτίως
1156 1032 1223 1115 ἐμὲ,

122 1139 179 1217 τῆς
200 1138 263 1198 τιόν
286 1128 389 1198 ἄλλων
411 1134 627 1219 όνθελκοόσης
648 1160 689 1216 με
721 1132 901 1218 βιαιότερον
925 1132 1073 1219 ἱστορίας.
1119 1132 1222 1215 ἐῗεστι

123 1235 187 1317 γὰρ
213 1234 313 1300 πάντα
338 1240 412 1300 καθ’
439 1238 572 1300 ἕκαστον
594 1238 827 1319 ἀναλέξασθαι,
859 1236 915 1300 καί
935 1236 1087 1301 νοόνκαί
1107 1234 1223 1301 σκοπόν

81 1338 178 1400 nonai
193 1340 308 1419 πρᾶξιν
328 1339 383 1400 κατ’
404 1335 494 1418 λόγον
515 1341 571 1402 καί
593 1340 703 1414 κακίας
727 1335 862 1417 δόναμιν
884 1340 940 1400 καί
954 1340 1033 1401 θεοό
1054 1342 1223 1420 μακροθυ-
1319 1327 1321 1332 ’

121 1438 200 1518 μίαν
212 1441 267 1501 καί
280 1434 313 1501 εἴ
325 1462 356 1499 τι
376 1439 531 1518 τοιοῦτον,
554 1435 644 1514 εἴτις
666 1439 789 1503 ἐπιέναι
803 1437 949 1520 βοόλοιτο
965 1434 1017 1501 τόν
1036 1459 1069 1500 τε
1090 1434 1224 1519 γενόμε-

122 1559 176 1601 νον
197 1537 351 1620 πρότερον
372 1540 426 1603 ἐπί
445 1541 484 1626 τῇ
504 1541 565 1602 τεόν
584 1542 664 1603 νέων
680 1540 902 1602 Μασαλιανιόν
928 1539 1054 1602 ἐκείνων
1076 1539 1131 1599 καί
1157 1541 1222 1601 Βο-

121 1638 260 1720 γομίλων
280 1637 404 1720 εὑρέσει
429 1644 603 1724 προφανῶς
628 1641 843 1721 ἐλεγχθέντων
865 1638 919 1701 ἐπί
938 1639 995 1701 τοό
1010 1641 1100 1701 θείου
1126 1630 1221 1721 ὅρους

123 1736 179 1801 καί
199 1739 260 1802 τεόν
290 1743 350 1820 μὲν
375 1744 593 1804 κολασθέντων
623 1743 685 1803 τεόν
708 1740 736 1801 δ’
769 1742 971 1817 ἐξωσθέντων
1003 1742 1142 1820 ἐκεῖθεν,
1167 1742 1222 1803 καί

80 1831 190 1919 15όμα
212 1836 268 1903 τόν
293 1840 437 1924 δεύτερον
467 1843 575 1905 τοόιον
606 1839 643 1925 δη
668 1838 721 1905 τόν
743 1838 798 1905 ἐπί
817 1842 860 1929 τῷ
891 1839 1013 1931 ἐλεγμρῖ
1035 1842 1095 1903 τοό
1117 1845 1218 1924 Σκορ-

122 1940 197 2005 πιόυ
216 1941 405 2024 παραδόξως
429 1938 650 2023 ἐπισυμβόντα
683 1939 1030 2026 θαυματουργησαντος
1062 1946 1118 2007 τοῦ
1141 1945 1221 2007 θεοῦ

122 2043 203 2126 πρὸς
224 2039 283 2125 τὴν
303 2046 359 2107 τοῦ
381 2039 509 2127 πρώτου
530 2047 716 2125 βεβαίωσιν.
761 2047 951 2109 ἐκτέθεινται
965 2042 1024 2127 γὰρ
1045 2042 1222 2131 οἷμφότεροι

123 2148 158 2211 ἐν
178 2146 222 2232 τηῑ
242 2147 324 2208 τέλει
337 2146 392 2228 τῆς
416 2144 581 2229 παρούσης
602 2143 759 2228 ἡμετέρας
777 2148 900 2226 βίβλου,
922 2140 943 2228 ἢ
966 2144 1025 2229 τὴν
1043 2144 1223 2226 Ῥωμαϊκήν

125 2247 272 2325 διέξεισιν
294 2241 453 2329 ἱστορίαν·
505 2246 546 2307 ον’
565 2241 626 2327 γὰρ
649 2241 816 2329 ἐκρίναμεν
845 2243 917 2307 δέον
940 2246 984 2321 εἰς
1006 2239 1117 2327 ἐτέραν
1140 2246 1224 2307 ἐκεί-

81 2358 198 2422 2ονους
218 2352 430 2431 μεταποιῆσαι
455 2346 595 2432 φράσιν,
617 2346 685 2410 ἀλλ’
709 2340 790 2409 εἶναι
813 2342 894 2408 κατό
916 2342 972 2421 τός
991 2346 1088 2423 λέξεις
1109 2346 1165 2407 καί
1184 2342 1224 2407 τό

124 2472 165 2533 γε
187 2452 272 2511 κιόλα
302 2452 358 2512 καί
377 2447 525 2529 κόμματα
547 2447 602 2512 καί
628 2443 668 2511 τό
701 2440 766 2531 ἤθη
787 2448 848 2510 τεόν
875 2448 1003 2511 ἐννοιιόν
1026 2442 1227 2529 α’μεταποιη-

126 2570 221 2628 τους,
254 2547 296 2624 ὥς
319 2544 414 2629 ἐσχον
436 2550 559 2612 ἐκεῖθεν
578 2545 785 2632 ἐληλυθότες,
810 2547 869 2611 τοῦ
891 2545 1087 2630 α’διαβλὴτου
1115 2543 1223 2630 χάριν.

126 2645 209 2733 πλην
231 2643 265 2711 ἐν
285 2647 384 2728 μόνον
408 2650 599 2731 σημειωτέον
621 2650 729 2729 τουτί,
759 2645 804 2721 σός
825 2643 887 2710 όπό
913 2644 1071 2731 μάρτυσιν
1094 2642 1290 2721 ἐκείνοιςΗ

127 2956 310 3009 iusiurandum
328 2952 417 3005 addidi
434 2953 597 3021 professioni
617 2960 644 3007 et
660 2961 800 3022 separatus
818 2952 901 3005 malui
921 2966 981 3005 esec
999 2968 1015 3004 a
1033 2952 1139 3007 christo
1160 2968 1227 3022 pro.

129 3037 190 3098 pter
209 3026 284 3078 illius
304 3026 447 3077 amicitiam
474 3026 636 3078 miserrimus
664 3042 715 3093 ego
742 3040 832 3092 neque
860 3038 975 3090 poenam
993 3026 1090 3075 timens
1112 3025 1227 3076 divinam

128 3114 219 3166 neque
248 3099 366 3149 virorum
398 3096 563 3148 cordatorum
597 3097 798 3149 adhortationes
825 3109 932 3147 verens.
982 3095 1115 3161 incipiens
1145 3096 1228 3164 igitur

131 3170 269 3223 enarravit
286 3167 504 3222 llassalianorum
529 3167 608 3220 simul
636 3170 664 3220 in
684 3168 734 3219 illo
754 3174 833 3218 coetu
861 3173 964 3234 patrata
981 3166 1084 3233 impura
1104 3174 1131 3218 et
1149 3168 1228 3219 dete.

131 3241 224 3296 stantia
242 3241 381 3304 iocinore,
407 3239 528 3308 adquae
553 3241 659 3308 integre
685 3239 816 3290 narranda
834 3252 887 3290 uon
916 3238 980 3290 setis
999 3238 1063 3288 mihi
1084 3246 1228 3306 suppetere

131 3313 260 3379 temporis
279 3312 401 3377 ridetur,
428 3312 507 3365 aliem
528 3313 555 3362 in
575 3318 676 3379 partem
702 3326 745 3361 me
764 3308 898 3363 violenter
923 3309 1045 3362 trahente
1064 3309 1227 3379 reliquarum

131 3400 219 3438 rerum
240 3385 360 3436 historic.
398 3385 464 3437 licet
484 3385 554 3434 enirn
575 3384 664 3432 omnin
681 3381 839 3452 singillatim
859 3381 991 3450 colligere
1019 3389 1046 3433 et
1063 3390 1179 3433 mentem
1201 3388 1228 3431 ct

133 3456 274 3508 consiliam
294 3464 321 3507 et
337 3457 469 3508 actionem
487 3463 514 3506 ct
532 3455 678 3505 orationem
699 3460 726 3506 ct
742 3453 805 3505 mali
822 3454 875 3505 vim
897 3461 923 3505 ct
937 3454 980 3505 dei
999 3452 1227 3521 longanimitatem

133 3535 161 3578 et
179 3528 201 3577 ei
222 3528 283 3593 quid
302 3525 376 3592 tale,
396 3530 418 3579 si
437 3528 497 3595 quis
516 3528 590 3578 adire
608 3524 677 3578 velit
696 3542 774 3590 eum,
795 3526 839 3593 qui
861 3526 934 3591 prius
960 3524 1082 3576 interluit
1101 3524 1228 3575 iuvenum

132 3596 351 3651 massalianorum
371 3598 478 3650 illorum
498 3595 736 3665 etBogomilorum
758 3596 967 3663 deprehensioni
986 3596 1128 3647 manifesto
1148 3608 1227 3644 coar.

133 3677 256 3737 gutorum
275 3669 302 3719 in
323 3670 415 3720 (livino
436 3676 535 3735 monte,
555 3683 666 3737 quorum
679 3667 726 3719 alii
739 3669 863 3736 castigati
883 3676 952 3730 sunt,
971 3667 1019 3719 alii
1040 3666 1102 3717 inde
1123 3663 1229 3731 expulsi

134 3749 162 3793 et
180 3738 259 3791 simul
278 3742 422 3792 secundum
443 3740 514 3791 hunc
539 3742 606 3793 vidit
627 3740 656 3791 ln
681 3741 855 3807 coargutione
875 3740 996 3806 scorpii,
1015 3744 1122 3805 praeter
1140 3751 1228 3787 rerum

133 3810 353 3865 consuetudinem
373 3810 500 3862 miracula
524 3819 645 3879 patrante
673 3812 723 3863 deo
742 3812 775 3862 nd
798 3812 876 3879 primi
896 3809 969 3861 illius
993 3808 1109 3860 hominis
1128 3810 1228 3861 conlin-

132 3882 285 3936 matlonem.
330 3881 479 3946 expositum
506 3891 547 3934 est
570 3884 640 3934 enim
664 3883 697 3935 de
716 3890 830 3951 utroque
855 3883 882 3933 in
902 3882 954 3933 line
979 3880 1130 3948 praesentia
1149 3881 1227 3933 huius

131 3953 206 4016 libri,
226 3952 371 4004 Romanurn
387 3949 523 4002 historiam
541 3955 698 4005 enarrantis.
716 3953 856 4005 nonenim
874 3952 1049 4005 iudicavimus
1067 3965 1134 4018 opus
1158 3966 1228 4015 csso,

132 4029 163 4081 in
181 4024 260 4076 aliam
280 4021 343 4075 illos
361 4020 506 4072 transferre
524 4024 720 4076 narrationem:
748 4025 795 4077 sed
816 4039 864 4091 par
883 4031 949 4088 crat,
970 4040 1029 4075 essa
1047 4025 1076 4075 in
1095 4022 1229 4074 orationi.

139 4098 189 4151 bas
209 4096 288 4147 etiam
306 4093 374 4144 haec
388 4091 504 4144 membra
523 4102 550 4145 et
567 4096 665 4160 incisa3
686 4105 714 4149 et
730 4103 849 4148 naturam
868 4098 1059 4157 sententiarum
1077 4091 1230 4145 immutahi.

136 4168 199 4235 leur,
220 4175 251 4225 ut
268 4181 299 4220 se
317 4164 466 4257 hebebant,
483 4164 546 4221 inde
564 4170 667 4236 οριάτεί
690 4167 897 4237 rescripsimus,
915 4182 950 4222 nc
968 4170 1230 4235 interrumperemus,
