3017 4759
292 240 368 317 τοῦ
589 250 813 317 menonem
845 244 1075 315 eneconis

291 414 473 499 βουλομένῳ
495 416 541 500 τῷ
556 412 708 498 θειοτάτῳ
727 417 858 492 βασιλεῖ
874 412 1023 491 λέγεσθαι
1043 408 1159 492 ἑφεξῆς
1177 399 1282 488 ἤρετο.
1304 402 1363 466 καί
1382 394 1401 465 ό

290 510 443 595 βασιλεός
461 508 555 592 ιιιὲμοί
568 515 598 575 δ’
617 515 648 578 εἰ
658 513 714 576 καί
725 512 805 592 πρός
826 506 922 584 ditae
937 506 1043 592 ἇγειν”
1056 508 1117 593 ἔριγ
1134 505 1210 573 “cdv
1222 510 1297 571 νοῦν
1312 505 1402 567 ὕπο-

291 620 400 690 oscen
414 618 498 697 ε’νῆν,
515 615 585 678 ἀλλ’
596 608 653 677 οὖν
664 614 750 692 ἱρός
770 610 882 694 όριόντι
898 611 1152 695 συνεληλυθότας
1170 612 1227 672 νῦν
1247 610 1407 671 ἐνταυθοῖ

292 717 497 797 καιριώτερον
514 709 597 778 εἶναι
619 718 709 777 δοκεῖ
727 710 994 795 πολλοστημόριόν
1013 734 1043 774 τι
1059 710 1135 792 περί
1154 700 1199 771 τόν
1222 705 1300 771 ἔνιοι
1321 708 1402 769 δια-

292 821 457 902 φωνοῦσιν
476 818 742 901 ε’κιλνγσιαστικοῖν
763 817 929 896 δογμάτων
954 818 1074 890 μαθεῖν
1094 809 1174 893 πρός
1196 809 1317 889 dacis?
1344 806 1402 871 καί
1408 808 1426 859 5

291 915 354 1003 γόρ
376 918 504 981 α’κοιέιν
524 914 643 1003 ἔφησεν
661 916 771 999 ἔριδας
792 918 830 977 οδ
844 912 962 995 μικρός
981 917 1144 997 φυομένης
1165 907 1269 976 ἄλλοτ’
1290 902 1399 984 ιῗλλως

293 1022 370 1100 περί
387 1015 490 1095 τόμιον
511 1024 568 1081 καί
587 1015 806 1100 γραμμότων,
837 1013 881 1077 “cl
907 1019 1167 1097 προγεγὲνννγνται
1197 1012 1273 1091 μέν”
1292 1035 1396 1097 φησιν

290 1111 371 1181 ιιοόιι
390 1111 452 1180 οἶδ’
475 1113 572 1195 ὅπως,
594 1113 785 1180 decrederat
811 1119 846 1180 δὲ
869 1113 949 1195 πρός
969 1117 1092 1177 πολλῶν
1114 1115 1298 1194 ἐλλογίμων,
1320 1112 1398 1173 ἐπι-

294 1218 403 1302 σφαλῆ
432 1214 502 1279 τινό
541 1221 704 1298 θεολογίας
737 1218 950 1301 καινοφανοιῗς
989 1216 1238 1295 ἒμπεριὲχεοθαι
1268 1207 1399 1283 τοότοις

295 1314 450 1381 δεικνύειν
470 1316 614 1398 δόγματα
634 1315 723 1397 μα’λα
742 1316 894 1399 σφοδρῶς
923 1317 1175 1391 διατεινομένων.
1219 1306 1441 1392 όβοολόμηνλθ

293 1422 354 1500 μὲν
386 1410 444 1481 οὖν
475 1423 638 1505 παρρησία
668 1420 820 1503 σονοδικῄ
851 1413 909 1495 τὴν
930 1412 1106 1494 διόρθωσιν
1135 1411 1398 1493 διαπράξασθαι·

294 1522 357 1585 τῶν
379 1522 415 1585 δὲ
437 1513 633 1601 πραγμάτων
647 1518 687 1580 orl
706 1516 960 1599 συγχωρούντων
980 1514 1013 1579 ἔν
1026 1539 1060 1596 γε
1081 1518 1127 1601 τῷ
1148 1514 1294 1594 παρόντι,
1314 1507 1400 1591 βοό-

296 1626 392 1699 λομαι
411 1627 488 1702 παρ’
508 1620 600 1700 όμιόν
622 1623 704 1702 ’γοιῗν
724 1621 879 1683 ἐνταυθοῖ
905 1619 963 1682 νῦν
984 1613 1231 1700 όπωσδνγπστοῦν
1259 1619 1400 1695 συνελογ-

295 1718 441 1785 λοθότων
463 1722 539 1802 περί
558 1718 629 1795 ἑνός
651 1716 836 1785 οὑτινοσοῦν
858 1719 1009 1802 adeptione
1036 1720 1211 1800 γεγονέναι.
1254 1712 1309 1778 τόν
1332 1716 1397 1797 γὰρ

295 1819 353 1895 τός
382 1824 622 1901 θρολλοιιμένας
654 1818 764 1903 ἔριδας
800 1819 855 1883 καί
885 1823 1063 1904 διαφωνίας
1096 1818 1264 1900 α’γείροντα
1296 1814 1442 1894 τόμον15

295 1924 377 2001 ἐμοῦ
407 1920 627 2002 διατριβόντος
648 1919 691 1985 ’ἐν
719 1923 931 2007 Θεσσαλονίκῃ
963 1922 1174 2000 συμπέπτωκε
1194 1918 1397 1999 γεγενῆσθαι,

297 2020 341 2096 τός
356 2019 435 2104 μήθ’
458 2014 480 2083 ό
501 2024 584 2103 λέγει
605 2018 768 2103 γινώσκειν
789 2024 856 2102 ἐμὲ,
877 2019 957 2105 μήθ’
989 2017 1072 2094 ὅπως
1095 2020 1249 2102 α’ληθείας
1269 2010 1290 2099 ἢ
1310 2015 1400 2095 ψεύ-

298 2122 374 2196 δοος
393 2118 473 2203 ἔχει,
496 2119 532 2185 εἴ
546 2147 594 2198 τις
614 2123 753 2207 ἀκριβῶς
785 2120 940 2200 ἐξετάζειν
960 2119 1118 2203 βούλοιτο.
1174 2120 1264 2183 δέδια
1288 2118 1318 2181 δ’
1339 2108 1399 2179 οὖν

297 2222 342 2305 μὴ
364 2222 463 2302 κάμοί
481 2227 688 2308 προστριβείη
701 2229 800 2307 κρίμα
820 2219 950 2303 θεόθεν,
972 2218 1023 2285 δτι
1041 2220 1097 2285 καί
1116 2220 1216 2294 ου’τός
1237 2222 1277 2307 τῇ
1298 2222 1412 2299 βασι-ι

298 2322 436 2411 λεοοόσγγ
467 2324 546 2399 τέως
583 2323 824 2407 ἐπιδεδημηκώς
854 2322 887 2387 ἐν
910 2322 1075 2405 ὑστέροις,
1099 2317 1213 2403 ἑτέρου
1240 2322 1317 2394 τέως
1339 2316 1444 2400 velow

298 2423 444 2501 δξοοσίαν
464 2424 608 2507 ἔχοντος,
628 2417 714 2489 όκων
734 2427 923 2507 ὑπέγραψα,
951 2426 1100 2505 βιασθείς
1123 2423 1177 2504 ὑπ’
1200 2420 1304 2484 αὐτοῦ
1326 2418 1400 2505 (τὰς

298 2522 359 2610 γόρ
384 2523 418 2589 ἐν
437 2528 524 2613 pelops
546 2529 625 2608 σιγτό
644 2524 780 2607 τόγας),
811 2527 869 2590 ουίι
886 2524 969 2609 ἔχων
990 2520 1074 2599 ὅπως
1105 2521 1145 2588 όν
1167 2520 1336 2608 ἕκφόγοιμι
1362 2517 1397 2590 τό

299 2870 388 2924 missis
407 2870 441 2922 iis
460 2886 529 2939 quae
554 2872 708 2923 neccssaria
736 2880 813 2924 erant
837 2872 970 2940 Gregores
995 2886 1103 2940 qnoque
1134 2870 1262 2939 deinceps
1280 2872 1400 2939 rogavit,

300 2942 363 3013 quid
382 2958 419 2995 se·
431 2950 569 3010 oporteret
594 2944 685 2995 dicere
711 2944 744 2995 ad
765 2943 929 2995 voluntatem
952 2944 1025 3012 regis
1045 2943 1214 2995 divinissimi.
1260 2950 1315 2992 tnm
1333 2958 1399 2994 rex:

300 3015 442 3083 equidem,
465 3015 566 3082 inquit,
596 3016 645 3066 etsi
662 3014 698 3066 ad
725 3014 779 3066 alin
798 3016 905 3080 incepta
934 3015 1047 3066 animuin
1075 3014 1218 3065 advertere
1244 3020 1399 3078 statuerant,

298 3095 387 3139 tamon
407 3102 465 3137 curn
494 3100 543 3137 vos
562 3102 633 3137 nunc
653 3088 758 3138 videam
777 3086 822 3137 hic
840 3088 952 3149 adesse,
978 3086 1184 3137 conuenientius
1207 3083 1272 3135 mihi
1292 3085 1399 3135 videtur

299 3164 401 3225 partem
419 3156 535 3224 aliquam
555 3158 675 3224 quamvis
699 3172 807 3224 parvam
827 3158 993 3225 dogmatum,
1020 3157 1053 3209 de
1075 3156 1169 3225 quibus
1196 3154 1321 3206 nonnulli
1341 3156 1398 3207 dis.

300 3234 417 3295 ceptam,
438 3227 680 3278 ecclesiasticorum
702 3245 750 3295 per
770 3242 819 3279 vos
839 3243 1014 3295 cognoscere.
1060 3228 1159 3279 etenim
1178 3242 1208 3277 sc
1229 3226 1336 3277 audisse
1355 3227 1398 3277 di.

300 3300 341 3350 xit
360 3298 570 3363 disceptationes
588 3313 643 3349 non
670 3298 747 3351 leves
773 3308 848 3351 nates
868 3316 943 3364 esse,
969 3298 1036 3351 aliae
1062 3298 1142 3351 aliter
1165 3300 1198 3351 de
1217 3296 1398 3350 voluminibus

301 3376 328 3421 ct
346 3368 438 3433 libris,
457 3384 526 3436 quae
545 3370 611 3421 dixit
629 3373 722 3421 nescio
743 3372 874 3438 quomodo
895 3379 953 3422 orta
975 3386 1052 3433 esse,
1074 3370 1153 3421 reiici
1172 3378 1261 3420 tamen
1280 3384 1295 3419 a
1314 3368 1400 3421 doctis

299 3439 406 3504 multis,
432 3440 477 3508 qui
509 3439 589 3491 valde
622 3443 721 3492 acriter
745 3442 940 3493 contenderent
969 3442 1111 3493 ostendere
1143 3441 1246 3492 infirma
1270 3441 1399 3506 quaedam

300 3510 458 3580 theologice
476 3512 602 3563 noviciae
623 3513 745 3580 dogmate
764 3514 819 3565 illis
847 3514 988 3564 contineri.
1035 3512 1159 3563 volebam
1179 3513 1262 3579 igitur
1281 3511 1399 3563 concilio

299 3584 332 3637 ad
351 3582 515 3651 colloquium
544 3591 692 3635 convocato
720 3586 914 3636 correctionem
942 3598 1083 3650 peragere.
1130 3582 1177 3634 sed
1205 3598 1263 3633 cnm
1283 3599 1327 3635 res
1347 3597 1400 3635 non

300 3655 454 3719 conveniat,
476 3670 547 3707 nunc
569 3656 673 3723 quidem
693 3655 757 3707 volo
779 3671 812 3707 ex
843 3652 936 3719 vobis,
956 3656 1002 3722 qni
1021 3670 1179 3722 quacunque
1205 3654 1237 3705 de
1258 3669 1337 3706 cansa
1357 3654 1401 3706 hic

300 3728 415 3788 adestis,
439 3726 472 3777 de
499 3734 573 3778 certa
599 3728 709 3794 quadam
727 3744 758 3779 re
777 3730 835 3794 ipse
853 3728 956 3779 audire.
999 3742 1058 3778 nam
1087 3726 1214 3778 volumen
1233 3724 1311 3789 illud,
1330 3726 1401 3793 quod

300 3798 483 3864 frequentatas
509 3800 696 3850 contentienes
729 3806 755 3849 et
785 3800 993 3865 disceptationes
1019 3798 1154 3859 continet,
1184 3796 1249 3847 mini
1279 3812 1339 3847 cunr
1373 3797 1401 3846 in

299 3866 491 3920 Thessalonice
509 3883 642 3933 versarer,
665 3870 779 3934 accidit,
804 3877 834 3919 ut
851 3884 940 3938 neque
959 3868 1023 3936 quid
1042 3868 1093 3921 sibi
1112 3866 1198 3919 uellet
1216 3866 1401 3935 intelligerent

299 3953 389 4006 neque
408 3944 494 3987 utrum
513 3954 578 3991 vcra
597 3955 630 3991 en
651 3941 717 3993 salsa
738 3939 880 3991 exhiberet
897 3942 919 3993 si
940 3942 998 4009 quis
1018 3947 1144 3992 accurate
1155 3953 1287 4011 quaerere
1305 3936 1401 3990 vellet.

301 4014 529 4072 remorantem,
549 4025 584 4060 ne
602 4011 665 4062 mihi
685 4026 793 4081 qnoque
812 4010 955 4063 adhaereat
975 4024 1063 4077 poena
1089 4010 1195 4073 divine,
1216 4009 1278 4076 quia
1300 4010 1403 4074 etipse

305 4096 365 4134 cum
383 4076 500 4131 concilio
520 4080 618 4147 hospes
639 4093 732 4155 postca
748 4082 868 4133 ndcsscm
886 4083 1063 4152 aliquamdiu,
1082 4082 1136 4133 alio
1157 4080 1338 4147 praesidente,
1360 4081 1406 4129 in-

305 4151 377 4210 vitus
411 4164 509 4205 nomen
539 4152 686 4223 subscripsi
714 4154 747 4207 ab
776 4166 808 4203 eo
833 4163 950 4209 coactns.
998 4169 1066 4223 quae
1094 4153 1164 4207 enirn
1195 4152 1408 4207 intercesserunt
