3017 4759
247 208 501 297 ,ursronntu
531 196 1093 291 circumcurrentem.
1177 206 1226 281 67

125 378 218 463 spois
246 374 510 461 παρεισπεσόντες
530 372 623 461 ε’νιοι,
643 378 769 458 μακράς
797 374 931 457 ἐρημίας
952 374 1227 459 ἐπιχωριαζούσης

125 475 207 541 κατὰ
229 474 282 541 τάν
305 470 389 565 οἶκονΙ
409 473 464 539 τάν
486 476 563 555 σάν,
593 473 645 540 διά
665 474 787 560 βρόχου
817 475 954 540 θάνατον
981 478 1153 559 ἐπενεγκεῖν
1174 499 1227 541 σοι

125 578 201 657 πρι’ν
220 580 283 641 τοῖν
314 576 462 640 ἁπάντων
483 572 660 640 αἴσθεοθοιδ
678 572 758 639 τινά.
811 568 829 636 δ
849 575 906 638 καί
928 576 1063 639 Παύλου
1085 570 1141 639 τύι
1161 599 1226 639 πα-

126 676 284 761 τριάρχην
306 672 406 741 πάλαι
439 674 523 762 φασδ
550 680 741 741 πεποιθέναι
773 675 853 761 πρδς
881 678 943 740 τῶν
978 674 1097 757 ὅμοι’ων
1117 680 1229 752 ου’τοῖςΙ

99 774 328 859 5κοκοδάξοον,
350 779 405 841 κατ’
436 780 562 851 πλείους
585 768 701 852 άλλους
730 775 790 859 πρό
811 800 845 858 γε
868 773 1029 860 δήπουθεν
1050 776 1152 840 αύτού
1173 774 1229 839 και’

124 881 191 975 μετ’
212 879 321 943 ου’τύν.
375 872 455 942 εἶναι
487 878 548 961 γάρ
575 901 657 963 φασι
689 880 778 942 τουτδ
807 878 984 961 βιαιότερον
1014 876 1068 941 κατ’
1096 877 1225 963 σφόδρα

125 977 236 1061 τάχιον
259 982 316 1062 τῆς
347 981 404 1043 τού
436 980 567 1044 κωνιιόυ
600 979 743 1057 κύλικος,
771 970 810 1042 ού
832 978 1003 1064 Σωκράτην
1026 974 1125 1043 παλαι
1143 986 1227 1043 πιεῖν

121 1080 302 1164 Ἀθηναίων
322 1076 620 1164 καταψηφισάμενοι
640 1076 802 1158 ποῖδες,’
785 1077 932 1207 ορούντφν
952 1102 1015 1142 των
1037 1080 1149 1164 φίλων,
1171 1100 1227 1161 της

126 1176 300 1299 παρούσης
313 1178 496 1298 α’πηλλαξαν
530 1182 621 1263 ζωῆς.
675 1184 731 1243 κοτ’
761 1182 846 1245 τουτ’
875 1174 956 1244 εἶναι
983 1178 1164 1264 φάσκουσιν
1195 1175 1227 1241 οἱ

82 1284 253 1354 λοπλείους
282 1274 300 1341 ιί
336 1304 394 1369 την
424 1280 580 1363 τοσαύτην
602 1282 738 1399 ἐρημίαν
770 1279 895 1402 ε’πάγειγ
917 1304 968 1344 σοι
991 1281 1076 1366 σφοῖς
1100 1302 1223 1365 προση·

124 1384 287 1465 νάγκαοεν,
309 1379 361 1444 ἵνα
385 1382 504 1462 δρῶσιν
523 1374 671 1455 oldonis*
651 1406 670 1444 α
693 1384 774 1465 δρᾶν
796 1383 954 1456 τοιούτοις
976 1383 1029 1445 δεῖ
1046 1388 1224 1467 φονευταῖς.

125 1489 206 1569 φέρε
226 1484 353 1561 τοίνυν,
378 1478 412 1544 εἴ
426 1483 459 1545 τί
481 1504 532 1546 σοι
553 1479 633 1566 πρύς
652 1481 836 1564 βουλήσεως
860 1480 909 1564 εἴη
930 1483 1112 1565 τῶνφίλων
1134 1483 1294 1553 ἔνιὀιςιο

124 1583 257 1665 ἑνιαχού
277 1577 408 1665 μηνύειν
429 1582 629 1666 ἀπόρρητον,
654 1582 726 1663 ἐμοὶ
747 1582 954 1665 προσανάθου
982 1580 1058 1664 πρὶν
1072 1588 1137 1655 τοῖς
1160 1583 1226 1645 τοῖν

123 1682 275 1748 τοιούτων
298 1678 449 1747 θανάτων
471 1682 592 1747 άλαῖναι
616 1684 771 1757 δικτύοις·
826 1680 887 1763 ε’γά
917 1681 978 1764 γάρ
999 1704 1049 1747 σοι
1072 1681 1127 1746 κατ’
1148 1687 1225 1747 Πυ-

82 1781 221 1868 15λάδης
245 1780 358 1902 ἕηομαι
380 1781 506 1867 πιστάς,
539 1783 600 1903 ἐγώ
622 1787 679 1847 κατ’
699 1784 805 1872 φύλαξ
828 1774 870 1847 ὧν
895 1775 1076 1847 άνέκποστα
1099 1782 1227 1906 φυλάτ-
1293 1771 1296 1781 ’

123 1907 185 1948 τειν
207 1884 309 1967 χρη’.
336 1886 434 1947 δυοῖν
457 1886 517 1967 γάρ
547 1882 635 1949 ἔσται
657 1868 885 1967 βιθάτερον
942 1876 1045 1967 η’γάρ
1069 1883 1122 1948 σοι’
1139 1881 1225 1967 κάγά

123 1982 393 2107 συντεθνηξομρι,
421 1988 445 2025 ”
469 1984 524 2049 κατ’
551 1984 654 2071 τάφος
681 1982 786 2049 ε’σετοι
813 1984 913 2061 κοινὸς
936 1983 1057 2068 άμφοῖν
1077 1979 1093 2048 ὃ
1114 1982 1256 2068 παράνλ.
1272 1988 1322 2044 111
1332 2005 1359 2047 ι.

123 2080 206 2159 οἶκος
212 2084 312 2202 ημῖν,
335 2081 357 2165 η’
378 2084 457 2150 κατά
480 2084 514 2152 τύ
534 2084 668 2169 λεληθὸς
685 2079 1002 2169 προαναστειλάντων
1015 2110 1057 2166 με
1078 2087 1142 2149 τάν
1164 2106 1227 2170 φο-

123 2187 244 2249 νευτῶν
281 2188 336 2249 κατ’
365 2188 495 2271 φυγάδα
527 2192 747 2272 ποιησαμένων
775 2210 835 2270 με,
863 2187 969 2250 πᾶσαν
1001 2180 1042 2249 άν
1066 2188 1232 2307 διὲλθοιμι

76 2290 181 2370 κθγην
203 2310 238 2350 τε
258 2286 313 2350 κατ’
344 2285 534 2370 θάλασσαν,
568 2288 646 2377 ηλιφ
670 2287 726 2353 κατ’
745 2286 903 2371 α’στράσιν
934 2286 1152 2370 ἀπαγγέλλων
1166 2288 1225 2407 την

124 2390 254 2451 α’διιιιάν
277 2388 420 2472 ταυτηνί,
443 2392 498 2453 καί
517 2413 575 2473 την
593 2378 765 2473 α’γνιύμονα
786 2390 999 2474 μαστίζωντη
1017 2383 1141 2477 γλούττη
1163 2389 1226 2453 τάν

123 2488 189 2553 στάν
212 2490 376 2572 φονευτούν
401 2491 527 2571 δεξιάν,
560 2494 616 2555 καί
645 2492 825 2577 τραγῳδίαν
856 2488 1028 2571 θεατρικήν
1050 2487 1144 2555 τάτε
1172 2513 1226 2573 της
1307 2480 1312 2484 ’

123 2590 289 2672 ἕκκλησιός
311 2589 365 2654 καί
385 2589 430 2681 τά
447 2590 488 2656 σά
510 2593 658 2677 πανταχῇ
677 2593 839 2672 τιθέμενος
860 2590 1050 2675 διηγήματα.

124 2849 224 2918 laqueo
243 2848 291 2901 tibi
308 2864 402 2901 necem
421 2851 556 2916 inierant,
584 2853 691 2905 nemine
709 2852 861 2917 sentiente,
888 2853 915 2905 id
935 2854 1025 2922 quod
1029 2853 1108 2904 etiam
1126 2850 1224 2909 Paulus

122 2919 276 2988 patriarcba
294 2922 326 2973 ab
345 2922 495 2975 homiuibus
507 2924 565 2991 pari
577 2925 697 2993 nequitia
715 2925 843 2991 praeditis
856 2923 919 2975 olim
938 2939 1082 2991 perpessus
1102 2938 1161 2975 esse
1180 2926 1223 2976 di.

124 2994 194 3043 citur
213 2993 343 3060 multique
362 2992 410 3044 alii
431 3003 457 3045 et
476 3003 537 3047 ante
558 3012 616 3047 eum
637 3005 663 3048 et
688 3006 749 3061 post
774 3011 841 3046 eum.
893 2993 944 3045 hoc
970 2995 1039 3044 enim
1057 2993 1141 3045 multo
1161 2996 1223 3045 vio.

124 3062 224 3115 lentius
243 3072 322 3131 atque
345 3064 481 3117 efficacius
508 3082 568 3119 csse
587 3068 693 3130 dicunt,
716 3082 794 3134 quam
820 3066 924 3117 cicutae
951 3063 1096 3130 poculum,
1122 3065 1155 3116 ad
1174 3082 1223 3117 cu.

123 3136 167 3186 ius
186 3135 360 3187 sorbitionem
379 3137 411 3187 ab
428 3135 638 3190 Atheniensibus
658 3104 925 3205 qrr’ondamsocrates
944 3134 1081 3187 damnatus
1092 3151 1223 3204 praesen

123 3206 193 3257 tibus
211 3206 302 3259 amicis
328 3208 384 3260 vita
405 3208 536 3261 discessit.
576 3209 643 3260 hanc
671 3224 775 3260 cansam
803 3223 863 3259 esse
885 3206 992 3274 plurimi
1011 3208 1130 3291 dicunt,
1154 3225 1224 3285 quac

122 3278 189 3329 istos
209 3278 358 3343 appulerit,
385 3286 413 3329 ut
431 3286 458 3329 tc
482 3280 601 3332 intanta
620 3278 767 3332 solitudine
787 3278 972 3343 collocarent,
990 3279 1114 3331 nimirum
1131 3288 1161 3332 nt
1175 3297 1222 3334 se.

106 3364 187 3399 ·cure
206 3356 406 3433 perpetrarent,
432 3350 503 3417 quod
521 3352 590 3402 tales
615 3350 803 3403 interfectores
827 3357 983 3416 perpetrare
1010 3350 1117 3404 debent.
1154 3369 1222 3421 age.

122 3421 183 3471 dum
209 3421 309 3487 igitur,
336 3420 358 3472 si
382 3420 431 3472 tibi
457 3420 561 3473 volenti
584 3431 624 3474 est
643 3421 770 3473 nonnulis
791 3437 824 3472 ex
841 3423 894 3472 tuis
913 3423 1005 3474 amicis
1025 3423 1156 3475 interdurn
1175 3441 1222 3478 se.

122 3498 224 3541 cretum
244 3490 373 3563 quoddam
391 3492 531 3557 revelare,
557 3494 622 3545 mihi
641 3494 668 3545 id
687 3494 798 3556 credas,
826 3493 978 3561 prinsquam
1001 3494 1131 3546 eiusmodi
1148 3509 1222 3547 mor-

121 3563 189 3612 tium
208 3545 312 3631 laqueis
331 3566 469 3617 irretiaris.
509 3579 560 3633 ego
584 3567 652 3617 euim
672 3564 720 3616 tibi
741 3562 828 3615 fidelis
850 3562 963 3628 Pylades
984 3580 1040 3629 ero,
1062 3574 1112 3633 ego
1133 3574 1222 3618 custos

123 3647 233 3696 eorum,
255 3650 325 3704 quae
343 3633 459 3688 lideliter
477 3636 581 3687 servari
600 3653 689 3704 neque
708 3635 847 3687 enunciari
867 3635 975 3687 debent
1019 3636 1133 3687 alterum
1152 3639 1223 3689 enim

71 3752 78 3759 .
122 3720 159 3755 ex
177 3704 279 3756 duobus
298 3703 363 3758 mibi
383 3724 431 3758 usu
452 3710 559 3759 veniet:
579 3717 717 3760 auttecnm
737 3708 895 3758 commoriar
915 3714 942 3757 et
959 3706 1028 3757 baec
1046 3706 1222 3759 domuscom-

122 3790 203 3826 muno
220 3775 297 3828 nobis
317 3778 368 3827 erit
386 3777 549 3845 sepulcrum,
570 3788 623 3843 unt,
643 3778 861 3830 interlectoribus
880 3793 922 3828 mc
941 3777 1032 3829 furtim
1050 3779 1223 3844 reprimenti-

121 3847 172 3898 bus
195 3854 221 3897 et
241 3846 415 3932 fugantibus,
442 3864 545 3901 omnem
564 3859 660 3902 terram
671 3857 760 3934 ’atquc
778 3866 850 3902 mare
870 3864 1019 3917 pervagans
1038 3848 1091 3902 soli
1119 3850 1223 3904 stellis-

121 3934 174 4001 que
195 3916 290 3969 banc
282 3920 407 3971 iniuriam
426 3922 602 3988 pronuntiabo
623 3930 649 3971 et
669 3923 788 3973 insanam
812 3929 917 3973 tuorum
936 3922 1094 3973 sicariorum
1112 3923 1222 3974 violen-

119 3990 184 4040 tiam
204 4004 274 4041 voce
293 3989 439 4059 llagellabo
461 3999 540 4061 atque
561 3993 945 4062 ubiquaquasitragoediam
938 4008 965 4045 rn
985 4008 1066 4046 scena
1086 3992 1222 4047 ecclesiae

121 4060 255 4113 fortunam
274 4068 400 4135 tuomque
419 4070 518 4117 sortem
537 4064 676 4117 enarrabo.

712 4150 715 4157 i

544 4172 811 4185 ffl
